2678 4830
291 518 343 606 Q·
379 517 671 599 SEPTIMII
716 518 1077 605 FLORENTIS

410 724 958 829 TERTULLIANI

491 951 562 1021 oa
590 952 875 1024 onnrronn.

536 1187 829 1234 ...ο-...-

162 1346 277 1460 DEI
303 1384 460 1483 spiritus,
486 1399 522 1459 et
547 1385 620 1458 Dei
647 1410 776 1475 sermo,
802 1400 838 1460 et
863 1388 936 1462 Dei
962 1390 1063 1479 ratio,
1089 1410 1206 1460 sermo
1251 1404 1335 1454 cnr.

132 1502 320 1592 5rationis,
344 1514 380 1574 et
406 1502 497 1575 ratio
523 1502 708 1591 sennoniS,
736 1506 793 1599 [et
819 1504 984 1602 spiritus]
1012 1518 1207 1601 utrumque
1283 1469 1305 1517 ¹

160 1616 267 1689 Jesus
298 1616 464 1690 Christus
494 1618 680 1690 Dominus
716 1632 848 1707 noster,
881 1621 985 1692 nobis
1021 1619 1207 1717 discipulis

159 1732 258 1805 Novi
274 1733 499 1807 Testamenti
521 1760 652 1807 novam
676 1734 846 1808 orationis
869 1736 1022 1808 formam
1040 1735 1209 1808 determi-

161 1847 269 1920 navit.
302 1849 504 1948 Oportebat
521 1849 618 1921 eninr
637 1848 673 1920 in
693 1849 761 1922 hac
778 1877 923 1948 quoque
940 1850 1060 1949 specie
1078 1876 1209 1924 novum

160 1964 284 2037 vinum
313 1966 413 2038 novis
442 1965 586 2038 utribus
614 1966 771 2050 recondi,
800 1976 836 2038 et
860 1992 989 2040 novum
1013 1964 1210 2064 plagulam

118 2106 250 2155 ronovo
280 2081 387 2154 adsui
411 2083 623 2155 vestimento
650 2081 803 2171 (Matth.
827 2109 858 2154 c.
875 2082 921 2154 vi.
948 2095 985 2153 et
1005 2108 1036 2154 c.
1055 2081 1102 2153 ix.
1125 2083 1209 2178 16.).

162 2196 332 2269 Ceterum
352 2197 529 2294 quidquid
553 2210 646 2268 retro
667 2195 794 2285 fuerat,
813 2209 882 2269 aut*
897 2196 1124 2268 demutatum
1144 2207 1210 2286 est,

163 2326 204 2385 ut
220 2314 468 2397 circumcisi03
496 2328 558 2385 aut
582 2311 801 2409 suppletum,
820 2325 861 2384 ut
883 2313 1020 2408 reliqua
1038 2312 1120 2396 lex;
1148 2325 1211 2384 aut

162 2417 383 2527 impletum,<
398 2441 440 2498 ut
468 2426 682 2524 prophetia;
720 2439 782 2497 aut
809 2426 1022 2524 perfectum,
1052 2439 1091 2499 ut
1120 2426 1209 2499 fides

162 2543 251 2642 ipsa.
297 2542 433 2613 Omnia
458 2541 503 2613 de
531 2540 731 2613 carnalibus
758 2540 795 2612 in
825 2541 997 2639 spiritalia
1026 2543 1211 2616 renovavit

120 2683 256 2751 15110th
284 2656 357 2728 Dei
387 2655 501 2754 gratia
531 2654 748 2753 superducto
776 2656 962 2754 evangelio
989 2670 1211 2754 expunctore

164 2773 274 2845 totius
292 2784 387 2844 retro
403 2769 602 2855 vetustatis,
620 2768 745 2867 inquo
767 2784 804 2844 et
824 2771 896 2844 Dei
916 2772 1071 2871 spiritus,
1084 2786 1121 2846 et
1136 2772 1210 2846 Dei
1307 2790 1308 2793 ’

165 2916 293 2979 sermo,
310 2900 347 2961 et
368 2887 441 2961 Dei
464 2886 556 2960 ratio
579 2888 796 2986 approbatus
815 2902 869 2960 est
888 2888 1073 2962 Dominus
1091 2903 1213 2963 noster

164 3006 271 3079 Jesus
295 3004 474 3094 Christus,
499 3002 644 3101 spiritus
671 3029 745 3100 quo
762 3005 886 3094 valuit,
910 3032 1028 3077 sermo
1051 3032 1125 3102 quo
1148 3007 1212 3079 do-

166 3121 253 3211 cuit,
266 3121 355 3194 ratio
373 3147 446 3217 qua
463 3121 561 3193 venit
581 3117 678 3219 (for.
692 3120 830 3216 sensit).
857 3120 918 3193 Sic
936 3121 1044 3218 igitur
1061 3123 1174 3195 oratio
1186 3117 1213 3195 'a

122 3269 157 3307 20
167 3237 312 3310 Christo
336 3235 532 3309 constituta
557 3259 602 3306 ex
626 3234 740 3308 tribus
766 3235 962 3308 constituta
979 3247 1052 3307 est:
1079 3262 1124 3308 ex
1143 3263 1214 3309 ser·

167 3380 286 3442 mone,
303 3378 374 3448 quo
393 3351 625 3424 enunciatur:
651 3376 697 3423 ex
716 3351 855 3450 spiritu,
873 3377 947 3447 quo
968 3363 1109 3423 tanturn
1133 3363 1214 3448 pot-

167 3481 240 3541 est:
267 3493 312 3540 ex
330 3467 478 3557 ratione,
496 3492 567 3563 qua
585 3465 789 3565 suscipitur.
822 3467 1007 3539 Doouerat
1023 3479 1060 3539 et
1074 3467 1215 3539 Johan-

167 3611 229 3656 nes
260 3582 456 3681 discipulos
486 3608 568 3654 suos
604 3581 762 3669 adorare,
791 3582 852 3654 sed
887 3582 1009 3654 omnia
1034 3582 1214 3656 Johannis

168 3698 315 3770 Christo
349 3698 665 3795 praestruebantur,
699 3697 814 3770 donec
852 3697 931 3796 ipso
971 3710 1089 3787 aucto,
1123 3698 1216 3772 sicut

124 3837 157 3898 25
169 3814 266 3886 idern
283 3813 473 3886 Johannes
494 3812 647 3911 (iii.30.)
662 3814 944 3912 praenunciabat,
958 3813 1065 3887 illum
1082 3815 1217 3914 augeri

170 3940 346 4026 oportere,
362 3955 401 4002 se
422 3956 507 4003 vero
534 3930 703 4020 deminui,
727 3942 843 4004 totum
872 3930 1101 4031 praeministri
1124 3956 1214 4029 opus

171 4069 257 4116 cum
275 4045 353 4144 ipso
370 4045 498 4144 spiritu
520 4046 685 4118 transiret
707 4045 752 4118 ad
775 4047 991 4121 Dominum.
1043 4046 1132 4119 Ideo
1148 4071 1216 4118 nec

172 4170 299 4250 exstat,
310 4160 345 4232 in
358 4186 440 4258 quae
454 4163 563 4235 verba
575 4161 739 4236 docuerit
748 4163 774 4235 J
777 4163 936 4236 ohannes
950 4164 1105 4252 adorare,
1118 4160 1215 4257 quod

687 4297 712 4339 rr
