2678 4830
165 319 209 386 98
514 318 856 384 TERTULLIANI

165 501 305 560 terrena
322 488 530 560 eoelestibus
548 490 717 563 cesserint
735 490 782 562 iii.
795 503 854 563 31.
871 487 948 565 Qui
964 488 1008 560 de
1025 497 1128 561 terra
1146 499 1210 578 est,

164 602 295 699 inquit,
318 613 467 676 terreno
478 601 621 704 sulm,-
651 604 775 704 etqui
800 605 843 676 de
869 603 970 676 coelis
995 605 1109 693 adest,
1134 632 1210 701 que

162 718 256 791 vidit
274 745 317 791 ea
334 718 509 816 loquitur.
561 719 612 793 Et
634 719 724 817 quid
746 747 821 793 non
843 719 1001 809 eoeleste,
1018 720 1115 817 quod
1132 720 1210 793 Do-

163 833 254 907 mini
272 834 407 908 Christi
425 849 501 920 est;
527 851 569 908 ut
585 836 663 909 haec
681 862 827 934 quoque
849 835 974 909 orandi
995 836 1208 934 disciplina?

163 948 440 1023 Consideremus
466 951 600 1048 itaque,
621 951 815 1042 benedicti,
837 951 1023 1025 coelestem
1050 951 1126 1045 ejus
1154 974 1234 1034 s0·5

161 1064 287 1164 phiam
306 1064 342 1137 in
360 1065 488 1163 primis
505 1065 550 1139 de
567 1079 747 1166 praeeepto
765 1080 899 1140 secrete
917 1065 1109 1139 adorandi:
1134 1092 1208 1162 quo

162 1192 199 1254 et
222 1180 332 1254 fidem
359 1180 517 1255 hominis
540 1182 719 1280 exigebat,
735 1194 777 1254 ut
793 1182 865 1254 Dei
889 1181 1148 1280 omnipotentis
1172 1194 1209 1253 et

161 1308 398 1396 conspectum
427 1310 464 1370 et
494 1296 657 1370 auditum
691 1298 759 1370 sub
788 1297 906 1386 tectis,
937 1310 973 1369 et
1007 1297 1044 1369 in
1078 1296 1208 1369 abditis

161 1411 271 1485 etiam
289 1411 411 1485 adesse
429 1412 648 1486 confideret:
677 1425 714 1485 et
736 1412 951 1485 modestiam
970 1411 1054 1484 fidei
1072 1411 1210 1484 deside-

159 1529 272 1616 rabat,
300 1540 339 1600 ut
364 1554 473 1625 quem
500 1528 636 1624 ubique
662 1527 784 1601 audire
807 1540 844 1601 et
868 1527 988 1602 videre
1014 1527 1152 1617 fideret,
1175 1526 1208 1600 ei
1222 1561 1256 1600 ιο

160 1642 226 1715 soli
244 1642 454 1741 religionem
473 1669 576 1715 suam
594 1643 754 1716 offerret:
774 1656 947 1739 sequente
965 1643 1093 1741 sophia
1111 1640 1209 1742 (for.

160 1770 348 1856 sequentes
366 1757 548 1857 sophiam)
569 1758 605 1830 in
624 1759 789 1853 sequenti
807 1771 1008 1857 praecept03
1027 1758 1124 1855 quod
1141 1759 1208 1833 etsi

158 1873 309 1973 proinde
334 1872 513 1972 pertineat
539 1872 583 1945 ad
610 1872 721 1946 fidem
749 1885 786 1945 et
812 1873 1026 1946 modestiam
1056 1874 1153 1965 fidei,
1179 1876 1208 1948 si

158 2016 231 2062 non
255 1989 400 2088 agmine
417 1990 607 2062 verborum
633 1987 840 2062 adeundum
862 2002 1035 2088 putemus
1062 1991 1105 2062 ad
1128 1990 1209 2062 Do-

158 2105 312 2195 minum,
341 2131 449 2201 quem
481 2106 578 2178 ultro
608 2104 681 2177 suis
710 2106 915 2204 prospicere
942 2106 1030 2179 certi
1061 2132 1252 2198 sumustrg

160 2233 320 2296 attamen
340 2221 495 2295 brevitas
518 2221 599 2310 ista,
616 2221 715 2319 quod
736 2220 780 2294 ad
803 2221 952 2295 tertium
977 2223 1113 2321 sophiae
1131 2250 1210 2323 gra·

160 2336 249 2411 dum
275 2337 393 2424 faciat,
419 2363 560 2436 magnae
586 2363 628 2410 ao
655 2339 768 2410 beatae
794 2337 1096 2437 interpretationis
1123 2341 1208 2414 sub-

160 2455 292 2527 stantia
313 2453 405 2527 fulta
427 2466 501 2527 est:
528 2465 779 2551 quantumque
801 2454 1058 2554 substringitur
1079 2456 1208 2545 verbis,

159 2580 302 2642 tantum
327 2567 539 2643 diffunditur
560 2567 735 2641 sensibus.
785 2567 919 2668 Neque
941 2569 1036 2643 euim
1064 2571 1208 2668 propria

158 2697 302 2759 tantum
324 2685 493 2758 orationis
517 2682 634 2758 officia
650 2686 841 2784 complexa
858 2697 923 2770 est,
940 2685 1206 2759 venerationem
1219 2716 1254 2754 20
1270 2761 1278 2767 ,

157 2798 244 2888 Dei,
262 2812 324 2873 aut
349 2799 445 2898 (for.
464 2802 516 2897 et)
542 2800 701 2873 hominis
727 2800 951 2899 petitionem,
973 2799 1034 2872 sed
1058 2826 1206 2874 omnem

157 2940 251 3014 pene
281 2941 484 2988 sermonem
518 2916 686 3006 Domini,
715 2941 862 2988 omnem
894 2917 1207 2990 commemoratio-

157 3056 242 3103 nem
259 3030 473 3129 disciplinae,
489 3045 529 3105 ut
546 3058 666 3106 revera
683 3031 720 3104 in
738 3031 898 3104 oratione
917 3031 1133 3105 breviarium
1150 3047 1206 3106 to-

158 3146 230 3220 tius
244 3148 431 3248 ‚evangelii
442 3148 781 3247 comprehendatur.
919 3129 960 3142 ⁹

31 3271 113 3386 cfip'
160 3252 163 3256 ⁸
210 3245 346 3363 Incipit
359 3245 597 3338 atestimonio
613 3263 699 3354 Dei,
713 3274 750 3336 et
766 3261 895 3335 merito
908 3260 1005 3350 fidei,
1016 3287 1128 3359 quum
1149 3264 1204 3336 di·
1215 3292 1250 3351 25

83 3371 90 3386 '
160 3378 277 3453 cimus
308 3379 435 3454 PnTaa
465 3403 535 3452 aur
564 3403 605 3451 ru
633 3401 754 3452 ccanrs
780 3403 833 3450 as.
883 3376 983 3450 Nam
1013 3390 1049 3450 et
1078 3378 1203 3452 Deum

159 3520 315 3582 oramus,
332 3507 368 3567 et
385 3495 495 3568 fidem
514 3495 827 3584 commendamus,
840 3493 943 3589 cujus
962 3495 1131 3568 meritum
1149 3508 1205 3566 est

157 3609 237 3682 haec
254 3610 459 3709 appellatio.
494 3610 678 3710 Scriptum
693 3624 760 3683 est:
780 3611 854 3702 (J0.
866 3609 890 3683 i.
904 3624 960 3682 11.
973 3609 1082 3683 Mart.
1095 3608 1155 3683 vii.
1166 3623 1202 3698 9.

157 3737 291 3798 etex.
310 3741 347 3797 et
364 3727 496 3823 cxvi.)
520 3726 597 3804 Qui
618 3728 658 3800 in
682 3753 763 3800 eum
785 3726 1016 3812 crediderint,
1035 3725 1133 3798 dedit
1152 3725 1204 3798 eis

151 3851 370 3938 potestatem
393 3840 531 3941 utfllh‘
548 3843 625 3919 Dei
644 3853 829 3916 vocentur.
882 3843 1117 3938 Quamquam
1134 3841 1250 3934 fre-30

155 3959 391 4058 quentissime
423 3960 606 4034 Dominus
638 3973 778 4058 patrem
814 3959 917 4032 nobis
951 3957 1202 4057 pronunciavit

155 4075 294 4168 Deum,
307 4076 382 4150 imo
396 4091 433 4150 et
449 4077 631 4176 praecepit,
651 4078 778 4172 (Matt.
791 4075 893 4147 xxiii.
905 4075 957 4170 9.)
976 4099 1022 4146 ne
1039 4098 1145 4173 quem
1162 4074 1201 4146 in

156 4195 265 4268 terris
275 4203 422 4291 patrem
434 4218 610 4282 vocemus,
627 4192 821 4290 nisiquem
840 4189 1013 4262 habemus
1030 4189 1069 4263 in
1087 4188 1198 4262 coelis.
