2678 4830
282 321 333 385 IN
358 319 700 384 TERTULLIANI
725 319 790 383 DE
814 318 1077 383 ORATIONE.
1141 321 1207 387 lte

158 491 252 555 situm
264 505 344 554 esset
358 490 389 553 in
402 458 490 554 editt.
507 504 580 553 ante
595 488 783 576 Rigaltium,
795 511 835 553 en
849 486 1057 576 rationeque
1067 491 1205 566 docetur,

156 589 276 662 postea,
296 599 368 640 cum
386 576 419 638 in
436 575 719 640 Eneendutionibus
734 576 926 663 Epidicticis
939 576 983 639 od
998 577 1104 662 Opera
1123 577 1203 640 Ter·

158 663 286 726 tulliani
301 684 351 726 an.
372 662 465 726 1608.
481 660 572 725 editis
591 661 776 726 ostendisset
795 663 935 726 Joannes
953 661 1156 725 Wouwerius
1173 660 1205 724 in

47 811 50 815 .
159 748 233 811 MS.
255 770 312 811 suo
331 747 405 833 legi,
423 768 462 810 ere
483 749 607 812 ratione
627 770 691 835 quo
713 750 897 845 suscipitur,
917 747 939 810 i.
949 770 977 810 e.
999 747 1098 810 intelli
1121 747 1204 822 'tur;

157 833 217 896 hoc
231 832 360 918 quidem
377 829 535 919 Rigaltius
553 832 586 895 in
608 847 730 896 textum
746 847 873 919 recep1t,
888 831 1026 919 plurima
1040 849 1071 896 et
1116 833 1159 896 ’bi
1173 832 1206 897 in

159 918 349 983 Tertulliani
368 917 584 982 emendatione
600 918 701 982 eidem
716 918 784 982 viro
799 918 923 983 erudito
937 918 1062 982 debens.
1101 918 1207 983 Maxi-

158 1027 208 1068 me
222 1019 327 1068 autem
342 1005 447 1068 favere
461 1003 528 1068 hacc
542 1006 638 1069 verba
651 1003 833 1068 correctioni
848 1028 925 1068 mese
940 1003 1122 1068 existimem.

203 1092 242 1154 P.
258 1107 312 1173 97.
330 1090 352 1154 l.
370 1109 421 1156 21.
444 1112 483 1152 ex
503 1089 626 1174 spiritu,
642 1112 708 1175 quo
732 1104 855 1154 tantum
875 1091 993 1176 potest]
1010 1089 1149 1154 Pulchre
1162 1089 1207 1153 ait

46 1200 48 1204 ⁸
160 1175 377 1240 Tertullianus
397 1175 491 1253 infra,
512 1177 603 1240 Deus
623 1176 708 1240 solus
732 1177 839 1240 docere
857 1178 978 1263 potuit,
1002 1185 1039 1239 ut
1061 1196 1094 1239 se
1118 1177 1208 1240 uellet

158 1263 258 1325 orori.
288 1263 337 1326 At
357 1264 426 1348 urso
442 1263 550 1347 igitur
563 1262 713 1326 ordinatu
732 1263 850 1349 religio
867 1263 1033 1339 orationis,
1048 1271 1078 1325 et
1091 1261 1130 1325 de
1142 1262 1207 1347 tpi-

159 1349 227 1410 ritu
241 1349 356 1433 ipsius,
367 1349 442 1434 jam
458 1356 532 1411 tunc
546 1369 616 1411 cum
631 1368 670 1410 ere
684 1369 738 1410 ore
752 1347 861 1411 diuino
869 1348 1035 1433 fieretur,
1050 1349 1206 1423 animatu,

159 1455 216 1496 suo
233 1435 409 1520 priuilegio
427 1433 569 1498 aseendit
587 1435 623 1496 in
643 1434 763 1511 eoelum,
784 1433 1001 1498 commendans
1022 1434 1118 1497 Patri
1137 1455 1208 1520 quae

160 1519 267 1582 Filius
281 1519 396 1583 docuit.
412 1540 480 1604 cap.
494 1538 525 1602 9.

204 1606 243 1668 P.
259 1606 312 1688 98.
334 1604 354 1668 l.
376 1625 426 1667 11.
449 1617 598 1689 sequente
622 1603 746 1692 sophia]
771 1604 911 1669 Scribere
930 1604 999 1669 vult
1022 1602 1207 1669 Francisous

159 1691 183 1752 J
186 1689 289 1766 unius,
304 1711 435 1776 sequens
449 1689 560 1776 sophia
574 1691 610 1752 in
624 1693 763 1776 sequenti
781 1699 939 1776 precepto
949 1691 1087 1788 proinde
1105 1692 1208 1777 perti-

159 1776 267 1839 netod
277 1777 381 1861 fidem
395 1785 425 1839 et
439 1777 617 1839 modestiam
622 1778 717 1862 fidei.
755 1776 900 1840 Aberant
914 1798 997 1840 emm
1010 1776 1051 1839 ab
1065 1774 1208 1840 editioni-

159 1860 220 1925 bus
234 1875 306 1925 ante
320 1859 497 1947 Rigaltium
509 1884 610 1940 voces,
622 1862 705 1949 quod
714 1864 783 1940 etsi,
796 1862 885 1927 addit
908 1885 947 1926 ue
956 1863 980 1925 J
984 1861 1087 1940 unius,
1105 1871 1208 1948 “pro-

162 1956 183 1989 “
195 1948 279 2025 inde,
291 1946 324 2011 id
339 1960 397 2024 est,
406 1947 554 2033 perinde,
616 1970 655 2013 ue
669 1971 706 2011 ac
719 1947 773 2011 illa
787 1971 871 2034 praec
912 1949 996 2012 ens.”
1019 1947 1132 2012 Malim
1147 1971 1207 2034 ego

160 2032 338 2110 rescribere,
360 2041 520 2120 sequentes
541 1971 684 2120 scilian
707 2035 905 2120 insequenti
926 2043 1092 2120 precepto.
1131 2035 1206 2098 Jam

161 2141 256 2204 supra
270 2132 390 2198 auctor,
406 2119 838 2184 Consideremm-coelestem
852 2122 920 2205 ep‘m
934 2120 1087 2205 cophium.

205 2203 291 2267 Ibid.
305 2203 327 2268 l.
343 2223 391 2288 15.
408 2206 529 2289 sumus]
546 2206 610 2269 Pro
623 2207 735 2282 simus,
746 2205 832 2290 quod
848 2205 880 2268 in
897 2219 1029 2290 utraque
1044 2228 1101 2269 sua
1114 2203 1208 2268 editi·

161 2313 220 2354 one
233 2289 339 2376 posuit
353 2289 523 2375 Rigaltius,
540 2290 599 2354 hoc
613 2313 672 2376 ego
686 2313 758 2354 cum
775 2290 954 2354 Muratorio
969 2290 1120 2354 revocavi.

206 2374 290 2439 Ibid.
306 2375 327 2440 l.
341 2394 393 2443 21.
415 2388 473 2440 aut
486 2374 621 2439 hominis
634 2376 830 2474 petitionem]
849 2376 963 2440 Malim
978 2391 1009 2438 et
1024 2377 1055 2440 b.
1064 2400 1102 2463 p.

205 2463 244 2558 P.
258 2482 310 2546 99.
326 2461 348 2526 l.
361 2463 392 2525 6.
407 2460 545 2548 pietatis]
565 2462 782 2547 Bemgmtatis‚
799 2462 1033 2538 benevolentiae,
1048 2460 1134 2548 apud
1149 2461 1207 2526 hos

161 2564 335 2696 mnptores.

206 2635 222 2696 Ι
247 2633 289 2696 id.
304 2633 324 2695 l.
340 2653 389 2696 11.
412 2633 489 2696 Uno
507 2631 605 2719 igitur
624 2656 737 2719 genere
751 2649 807 2698 aut
821 2634 985 2719 vocabulo]
1005 2636 1151 2698 Fortasse
1164 2632 1208 2698 le-

160 2719 312 2805 gendum,
327 2741 391 2782 uno
404 2720 512 2805 igitur
521 2720 669 2805 generali
684 2721 841 2784 uocabulo.

207 2805 290 2868 Ibid.
305 2804 328 2867 l.
345 2823 396 2871 22.
420 2803 511 2890 quasi
532 2805 571 2868 sit
591 2818 624 2868 et
643 2803 742 2954 aliud?
763 2806 881 2883 Habet,
903 2804 956 2868 sed
976 2806 1082 2870 forsan
1104 2828 1207 2869 errore
1308 2864 1310 2866 ,

162 2890 348 2977 typothetae,
361 2891 445 2953 alius
460 2913 519 2976 pro
532 2890 623 2952 uliud
642 2890 726 2977 Riga
739 2890 811 2970 tius,
827 2914 898 2956 cnm
915 2891 1025 2956 melius
1040 2891 1135 2957 fuerit
1149 2892 1208 2955 uli-

162 2977 248 3062 9ur'd.
289 2975 462 3040 Revocavit
476 2976 567 3039 uliud
581 2977 788 3041 Muratorius.

207 3061 289 3124 Ibid.
309 3061 331 3126 l.
345 3081 400 3146 32.
423 3061 617 3149 angelorum,
640 3062 665 3125 si
684 3063 900 3141 meruerimus,
922 3063 1092 3148 candidati]
1112 3065 1207 3128 Hanc

162 3146 306 3210 editionis
327 3147 485 3233 principis,
504 3171 588 3234 quae,
608 3162 645 3211 ut
663 3147 739 3226 dixi,
755 3164 803 3213 est
823 3149 1017 3247 Gagneiana,
1032 3148 1207 3226 lectionem,

162 3248 408 3297 commutaverat
426 3256 498 3297 cum
518 3233 615 3296 altera
633 3237 866 3298 meminerimus
885 3258 917 3297 m
935 3234 1011 3299 edit.
1027 3258 1083 3298 sua
1099 3233 1207 3298 Basili-

163 3319 228 3382 ensi
242 3342 325 3383 anno
343 3339 436 3403 1550.
455 3319 675 3405 sigismundus
695 3319 855 3383 Gelenius.
901 3323 996 3383 Poste
1038 3344 1078 3384 ue
1100 3342 1206 3384 vocem

162 3407 381 3483 nteruerimus,
400 3428 473 3491 quae
492 3429 511 3468 a
530 3403 671 3469 Pamelio
691 3405 835 3469 restituta
851 3406 965 3484 fuerat,
980 3343 1085 3470 cbllice
1101 3405 1208 3469 Fulvii

163 3490 270 3554 Ursini
285 3491 379 3554 nixus
393 3490 563 3589 Rigaltius,
579 3490 731 3555 renitente
744 3490 827 3570 licet,
843 3506 879 3556 ut
892 3491 947 3570 ait,
960 3494 993 3555 A
1036 3492 1126 3556 bardi
1141 3491 1207 3570 illo,

162 3577 276 3641 iterum
298 3576 479 3641 eliminavit.
523 3578 607 3640 Cum
629 3600 704 3640 vero
726 3577 835 3642 melior
858 3578 935 3642 mihi
956 3515 1116 3643 vidiretur
1142 3578 1208 3643 baec

162 3662 263 3740 lectio,
278 3663 407 3727 eandem
422 3663 528 3726 denuo
542 3662 693 3726 revocavi.

207 3750 246 3812 P.
266 3768 337 3812 100.
363 3748 383 3811 l.
408 3769 457 3812 10.
488 3769 569 3811 umr
593 3769 767 3813 vonnurns
797 3769 868 3813 uun
898 3769 936 3813 nv
967 3771 1067 3814 emtis
1094 3772 1137 3814 uu
1168 3772 1207 3817 tn

163 3838 291 3918 runnu]
321 3835 474 3899 Abfuisse
503 3857 523 3896 a
550 3833 707 3901 nonnullis
732 3833 870 3920 antiquis
894 3836 1037 3900 formulis
1061 3836 1209 3901 orationis

164 3920 339 3985 Dominicae
360 3919 599 4018 comparationis
620 3920 816 3999 adverbium,
830 3921 904 3985 hinc
923 3936 956 3985 et
974 3922 1101 3986 aliunde
1119 3922 1210 3986 disci-

62 4085 67 4094 Δ
164 4028 247 4068 mus.
293 4008 393 4071 Porro
408 4029 541 4071 variasse
561 4006 595 4070 in
613 4005 722 4070 iisdem
740 4007 819 4071 ordo
835 4006 1022 4094 petitionum
1036 4009 1147 4073 harum
1163 4008 1209 4072 vi-

164 4090 270 4169 detur,
283 4093 362 4156 Fiat
377 4093 524 4157 uoluntas
539 4100 606 4168 tun,
620 4105 651 4155 et
667 4094 774 4157 ueniat
792 4114 929 4180 reguum
943 4103 1056 4167 tuum‚·
1080 4094 1157 4180 quin
1176 4107 1208 4158 et

165 4176 247 4239 infra
261 4176 293 4239 in
308 4177 463 4264 capitibus
478 4180 499 4243 6
513 4192 545 4241 et
561 4195 577 4263 7
595 4177 677 4242 idem
694 4178 772 4242 ordo
787 4195 939 4243 servatur.

164 4313 167 4318 .
210 4260 295 4328 Ibid.
310 4262 330 4325 l.
350 4279 400 4348 15.
423 4286 480 4328 nos
499 4286 608 4330 sumus
624 4264 739 4329 coelum
756 4277 788 4329 et
806 4267 901 4350 terra]
920 4264 979 4331 Ait
995 4264 1163 4331 Schutzius
1176 4265 1210 4331 in
