2678 4830
644 524 690 582 IN

190 662 193 667 ’
248 703 288 784 s.
318 701 678 787 consonam
711 701 1074 789 Εκιςποικιι

363 902 957 1019 ANNOTATIONES.

552 1188 772 1238 -4—

178 1389 219 1453 P.
231 1407 264 1473 9.
279 1385 300 1450 l.
314 1407 346 1472 9.
369 1390 404 1467 τῇ
426 1389 608 1469 ποροικοίοῃ
628 1389 809 1476 Φιλίππους]
827 1389 932 1477 Vulgo
952 1391 1123 1471 Φιλίπποις,
1138 1394 1181 1459 ad

137 1496 233 1561 quam
247 1495 357 1538 vocem
371 1487 459 1538 notat
472 1473 511 1538 cl.
525 1473 676 1551 Smithus,
692 1473 798 1538 deesse
811 1475 941 1540 fortasse
956 1478 1000 1553 ἓν,
1012 1476 1061 1541 vel
1075 1479 1181 1565 potius

137 1560 353 1648 reponendum
378 1583 444 1624 esse
469 1563 645 1638 Φιλίππους,
669 1574 706 1624 ut
726 1560 821 1626 habet
842 1562 941 1626 codex
966 1562 1179 1645 Florentiam,

137 1661 170 1711 et
192 1646 322 1733 quidem
350 1646 476 1711 rectius.
529 1648 729 1734 Quapropter
756 1648 815 1712 hoc
844 1671 912 1712 rece
935 1648 957 1714 i.
1011 1651 1063 1715 Ita
1091 1651 1180 1718 initio

137 1734 295 1820 &pionte
314 1735 570 1820 Smyraeaaiam,
591 1757 664 1819 quae
681 1748 728 1798 est
741 1735 793 1798 De
807 1737 846 1800 S.
860 1737 892 1799 P
942 1739 1032 1823 carpi
1051 1739 1180 1826 Marty-

136 1822 198 1898 πίο,
213 1819 282 1884 haec
298 1834 427 1895 extant3
451 1818 492 1883 ‘H
518 1822 660 1900 ἐκκλησία
676 1825 729 1884 τοῦ
744 1825 827 1886 Θεοῦ
843 1822 862 1901 ἡ
880 1825 1063 1904 ποροικοιίσο
1081 1829 1179 1908 Σμύρ-

137 1930 204 1985 ναν,
219 1909 276 1970 &c

181 1990 266 2056 Ibid.
281 1990 305 2056 l.
321 2012 370 2078 13.
394 1991 563 2072 δεξαμένοις
581 1995 619 2056 τὰ
637 1995 787 2073 μίμηματο
805 1997 855 2072 τῆς
874 1995 1002 2074 ὀληθοΰς
1020 1996 1178 2078 ἆγοπῆς-

137 2080 267 2164 δεσμοῖς]
288 2086 309 2118 “
322 2081 403 2143 Hoec
417 2078 512 2142 verba
525 2100 597 2142 cum
612 2101 669 2143 nec
683 2094 766 2143 recte
778 2077 905 2166 legeret,
921 2101 978 2144 nec
992 2081 1119 2146 omnino
1131 2082 1178 2146 in-

137 2171 160 2203 “
175 2164 327 2252 telligeret
341 2167 439 2229 Vetus
455 2165 623 2252 Interpres,
638 2165 683 2229 ita
701 2165 869 2245 transtulit,
883 2168 968 2230 ιιιοοὶ
995 2169 1002 2184 ‘
1072 2171 1177 2232 imita-

136 2258 159 2290 “
172 2251 250 2314 bilia
264 2252 359 2315 verba
373 2251 547 2315 dilectionis
560 2254 854 2338 paam-connects.
893 2254 946 2316 Ita
958 2189 1178 2334 illidifaptvos

135 2343 232 2424 “pro
250 2336 418 2418 δεξαμένοις
439 2336 544 2424 legens
565 2351 660 2424 atque
678 2337 750 2402 ideo
767 2338 888 2424 reliqua
907 2338 1011 2402 omnia
1029 2338 1177 2403 aliorsum

135 2431 158 2462 ‘⁴
171 2423 316 2499 trahens;
338 2437 375 2488 tu
388 2437 502 2503 vertas,
520 2424 722 2526 Coagnvisas
740 2446 811 2488 sam
833 2425 930 2500 vobis,
945 2425 1000 2510 qui
1014 2445 1091 2487 vera
1104 2426 1176 2489 πλα-

135 2516 157 2548 “
172 2512 281 2575 altatis
296 2510 484 2597 exemplaria
493 2512 658 2597 eccepsstis
669 2519 699 2573 el
709 2511 895 2586 amenta,
906 2519 943 2573 at
957 2523 1059 2574 vestro
1072 2509 1175 2577 officio

134 2596 375 2660 “conveniebat
397 2598 554 2660 involutos
579 2597 727 2674 νίποιιίίς,
752 2619 823 2707 pore
847 2597 965 2659 samaa
991 2607 1174 2663 οινιοπιοπίο

134 2689 157 2722 “
170 2693 257 2748 arant.
303 2681 494 2762 Halloixius,
516 2684 555 2750 ὣς
577 2682 729 2762 ἐπέβαλεν
752 2687 831 2761 υμῖν,
854 2680 1002 2761 reddidit,
1026 2692 1063 2747 at
1087 2685 1174 2750 vobis

133 2775 156 2809 “
171 2770 331 2834 Dominus
350 2771 535 2857 inspiravit,
553 2792 613 2856 ego
630 2767 747 2854 potius,
766 2777 804 2832 at
821 2777 925 2833 nestro
944 2768 1043 2855 (fficio
1061 2792 1174 2836 coave-

133 2861 156 2895 “
169 2857 285 2934 aicbat,
298 2854 372 2941 quia
382 2855 450 2920 haec
461 2854 562 2919 multo
576 2854 760 2941 simpliciora
774 2868 858 2934 sunt,
868 2867 900 2918 et
914 2853 973 2919 hoc
988 2878 1078 2920 sensu
1093 2857 1173 2922 bene

133 2948 156 2981 “
172 2943 315 3006 Graeca.''
358 2943 439 3006 Haec
453 2941 501 3006 vir
520 2963 653 3028 magnus
673 2940 860 3006 Pearsonius
873 2940 906 3004 in
923 2943 1074 3007 Vindica’a‘a
1086 2945 1172 3032 Epi·

130 3029 283 3099 avaram
303 3029 337 3094 S.
353 3030 483 3116 Ignatii
505 3043 594 3115 parte
612 3029 641 3092 I.
663 3050 732 3114 cap.
749 3051 778 3091 v.
797 3051 831 3115 p.
844 3043 897 3112 72.
931 3027 1046 3092 Vocem
1068 3033 1106 3094 τὰ
1126 3058 1173 3110 pr·

129 3115 248 3194 νήματα
271 3116 464 3180 simulachra
486 3115 550 3179 sive
574 3136 660 3179 arcem
683 3115 767 3179 ίοπίο
792 3113 919 3178 omnino
942 3115 1077 3201 probant
1098 3138 1172 3180 cum

131 3201 283 3280 Smithus‚
306 3216 373 3265 tum
396 3202 433 3265 cl.
449 3204 472 3266 J
475 3201 603 3266 eremias
627 3138 836 3265 psallendus
861 3198 1011 3264 adoram
1036 3201 1170 3288 exempli

130 3309 225 3373 penes
245 3311 296 3351 me
314 3287 457 3352 editionis
477 3287 677 3374 epistolarum
701 3289 756 3351 SS.
773 3285 890 3372 Ignatii
911 3300 943 3350 et
965 3285 1083 3373 Polyca
1120 3286 1171 3351 ia

130 3373 245 3438 Carolo
264 3373 407 3438 Aldrich.
428 3374 598 3453 adornatae,
614 3375 717 3438 Oxon.
736 3373 828 3455 1708.
864 3373 1023 3437 Caeterum
1044 3371 1066 3435 d
1109 3397 1170 3438 ux·
1248 3453 1251 3458 .

127 3473 228 3538 erant,
248 3475 285 3525 ut
299 3459 343 3525 ait
361 3460 476 3525 ibidem
495 3459 693 3538 Pearsonius‚
709 3484 728 3524 a
744 3458 999 3545 Philippensibus
1012 3458 1097 3522 missi
1111 3459 1169 3524 ali-

127 3545 184 3632 qui
200 3546 361 3634 Ignatium
375 3547 515 3612 vinctum
528 3545 717 3633 comitesque
731 3546 800 3632 ejus
812 3567 869 3632 per
883 3545 1115 3611 Macedoniam.

171 3635 209 3696 P.
226 3654 274 3698 10.
290 3632 312 3697 l.
326 3651 355 3699 2.
380 3636 412 3714 ἐξ
433 3636 564 3718 ἀρχαίων
586 3631 845 3716 κατεγγελλομίνη
865 3633 996 3716 χρόνον]
1019 3633 1099 3710 Quae
1117 3633 1167 3698 hic

126 3733 318 3784 memoratur
331 3719 400 3784 laus
414 3720 498 3783 Phili
521 3718 675 3807 pensium,
686 3718 761 3805 ipsis
774 3716 869 3781 initiis
882 3740 960 3781 evan
1000 3716 1034 3780 lii
1047 3741 1167 3782 annun-

125 3803 215 3884 ciata,
239 3820 325 3870 extat
347 3805 380 3869 in
404 3743 534 3893 epistolis
561 3805 695 3871 Paulina
719 3805 760 3869 ad
785 3803 909 3868 eosdem
938 3805 965 3866 P
989 3803 1044 3890 ilip
1067 3828 1165 3884 enses,

125 3891 412 3979 cuminprincipio
425 3893 504 3979 ejus,
519 3906 588 3957 tum
602 3892 703 3979 capite
716 3891 748 3955 ii.
762 3912 874 3955 comm.
890 3904 938 3972 15.
984 3892 1040 3955 Ha
1080 3891 1164 3955 tali·

125 3977 204 4064 quid
217 3990 370 4067 praeterea
383 3979 445 4043 hue
460 3979 617 4067 pertinens
630 3977 733 4044 media
746 3975 876 4064 epistola
889 3974 1094 4062 Polycarpus.

168 4066 207 4130 P.
221 4086 272 4130 11.
288 4064 308 4128 l.
320 4066 349 4129 8.
365 4063 526 4148 ἢγρόνθον
540 4067 606 4131 ἀντὶ
618 4067 758 4150 γρόνθον]
772 4061 960 4128 Eustathius
973 4061 1005 4125 in
1021 4060 1114 4125 Iliad.
1123 4066 1162 4125 Ψ.

125 4149 320 4220 Πτίσσονπες
336 4153 403 4219 τοὺς
417 4156 467 4232 πῆς
479 4152 578 4236 χειρὸς
597 4155 764 4225 δακτύλους,
781 4151 828 4215 καὶ
842 4151 933 4215 οὕτως
946 4151 1163 4230 σηπιφνοῦντες

124 4240 166 4306 είς
179 4241 331 4306 πύκνωσιν
345 4241 375 4304 οἱ
388 4239 549 4323 πυγμάχοι,
565 4240 719 4318 ἀθλοῦσιν,
734 4240 775 4306 είς
788 4237 917 4320 γρόνθον
931 4232 1163 4316 συστρέφοντος*

620 4343 667 4400 03
