2678 4830
126 312 169 377 86
459 314 834 377 ANNOTATIONES

125 483 199 559 rice,
216 482 269 545 sed
308 482 408 568 roprie
424 482 540 545 Filium
562 482 623 545 Dei
646 483 807 569 significat.
854 484 926 546 Hoc
939 482 1042 567 ipsum
1058 483 1169 548 beatus

127 505 430 652 Cyrillusl'ib.vl1.
451 568 607 633 Thesauri
625 591 694 654 cap.
714 589 739 631 1.
763 580 871 631 contra
892 569 1088 632 Eunomium
1111 570 1168 633 do-

126 653 201 728 cuit,
217 667 249 716 et
266 674 321 749 per
338 653 514 739 Scripturas
532 653 687 740 probavit,
701 677 767 716 esse
781 653 920 717 Verbum
935 655 1100 740 proprium
1115 678 1169 719 no-

126 760 197 800 men
218 736 307 809 Fihi,
332 736 364 800 id
385 754 441 815 est,
457 739 538 803 hanc
559 761 677 816 vocem,
695 738 844 814 Verbum,
860 739 985 824 proprie
1004 753 1036 802 et
1055 740 1166 803 decen-

125 837 183 900 ter,
199 839 231 886 et
245 845 306 885 non
322 845 378 908 per
394 824 586 899 abusionem,
601 839 657 886 aut
671 823 848 909 allegoriam
865 822 981 886 Filium
998 824 1060 887 Dei
1076 825 1169 912 signi-

124 909 223 971 ficare.
249 911 430 972 Tunnmn.
477 913 558 973 Cum
579 909 623 971 ita
641 909 767 972 verterit
785 909 889 972 locum
910 909 1099 988 Turrianus‚
1114 913 1169 974 sed

123 995 217 1056 aliter
233 1015 293 1079 per
311 995 497 1080 allegoriam
515 997 754 1079 interpretatur.
793 997 894 1056 Ιννυνν
912 1017 976 1056 non
996 995 1090 1058 aliter
1107 1018 1168 1081 per

122 1079 309 1165 allegoriam
325 1080 575 1166 interpretatur,-
593 1079 717 1142 videtur
731 1079 783 1142 ille
797 1078 916 1165 aliquid
933 1094 1046 1165 praeter
1060 1080 1166 1144 lectio·

124 1186 195 1226 nem
216 1177 372 1251 receptam
392 1166 424 1227 in
444 1165 548 1228 codice
566 1187 623 1228 suo
637 1164 797 1230 invenisse.
845 1167 990 1228 Fortasse
1004 1187 1080 1227 vero
1093 1165 1167 1229 olim

124 1247 275 1334 scriptum
301 1263 378 1326 erat,
404 1249 472 1313 ἀλλ’
499 1253 670 1331 ἀλληγορεῖ.
710 1252 774 1313 Οὐκ
800 1253 971 1332 ἀλληγορεῖ.
1000 1251 1084 1316 οὗτος
1110 1254 1167 1331 γὰρ

126 1337 180 1398 &c
197 1334 240 1397 sic
254 1334 334 1397 enirn
351 1334 518 1420 legendum
534 1350 623 1421 putu,
639 1356 702 1397 non
717 1337 816 1402 οὕτως.

167 1421 206 1482 Ρ.
222 1423 276 1501 67.
300 1419 320 1483 l.
342 1441 392 1503 19.
417 1423 450 1483 ἐν
472 1421 631 1508 συμβόλῳ]
649 1421 722 1483 Hoc
739 1436 786 1483 est
806 1421 837 1483 in
858 1421 971 1506 figura,
987 1442 1052 1505 qua
1066 1419 1167 1483 utitur

123 1504 214 1567 etiam
230 1505 384 1590 propheta
399 1505 509 1568 Esaias
522 1504 598 1568 lxiii.
620 1527 647 1568 1.
667 1506 779 1569 Fran.

131 1636 135 1643 .
167 1591 205 1652 P.
219 1591 272 1652 68.
285 1588 305 1652 l.
318 1593 348 1652 8.
364 1590 418 1667 τὴν
432 1592 522 1668 δόξαν
536 1590 685 1670 ἐξέδειραν
701 1592 801 1674 αὐτοῦ]
816 1587 867 1652 Sic
878 1589 1035 1653 habebant
1047 1589 1164 1653 LXX.

123 1673 155 1736 in
175 1673 344 1759 exemplari
365 1673 411 1736 Hi
437 1675 547 1761 polyb,
563 1677 661 1752 δόξαν,
678 1697 739 1738 non
759 1678 861 1756 δορὰν,
875 1689 911 1737 ut
933 1697 1017 1737 nunc
1037 1674 1071 1736 in
1093 1697 1165 1738 nos-

124 1758 189 1822 tris.
235 1758 388 1822 Convenit
413 1698 480 1823 liaec
505 1758 595 1822 lectio
617 1781 687 1821 cum
713 1757 874 1825 Esailiii.
915 1758 1057 1823 Vidimus
1082 1781 1166 1837 eum,

124 1856 155 1907 et
171 1865 233 1905 non
249 1857 315 1906 erat
329 1843 455 1929 species,
470 1866 571 1931 neque
585 1843 687 1907 decor.
714 1846 892 1907 Tnnntan.
924 1843 1021 1908 Nulla
1034 1845 1167 1908 varietas

123 1929 162 1992 ad
179 1950 284 1991 vocem
306 1933 396 2010 δορὰν
410 1945 517 1993 notata
534 1945 580 1994 est
599 1929 630 1991 in
651 1929 725 1994 edit.
740 1937 799 1994 τῶν
814 1931 931 1993 LXX.
948 1930 988 1994 ab
1004 1929 1167 1994 Holmesio

123 2027 154 2077 et
169 2015 305 2076 Patsons
318 2013 479 2078 adornata.

167 2098 249 2162 Ibid.
263 2098 285 2161 l.
300 2118 349 2164 12.
367 2102 519 2184 ἁμαρτίας]
536 2099 662 2163 Omittit
676 2099 772 2162 verba
787 2100 835 2162 καὶ
848 2101 916 2181 περὶ
930 2101 1082 2181 ἁμαρτίας,
1094 2122 1167 2184 quae

122 2196 154 2247 et
165 2184 196 2246 in
209 2207 273 2247 uno
285 2184 403 2248 Covelli
420 2185 524 2248 codice
538 2184 664 2263 absunt,
677 2185 731 2248 sed
746 2183 787 2247 ab
797 2183 865 2247 aliis
876 2184 1045 2262 codicibus,
1059 2207 1167 2270 quem-

122 2264 293 2332 admodum
308 2284 340 2333 et
354 2269 546 2334 versionibus
560 2269 696 2356 antiquis
715 2269 867 2366 Epistolae
881 2270 922 2333 ad
937 2271 1097 2333 Romanos
1109 2293 1165 2356 ug·

123 2369 303 2418 noscuntur.
329 2356 438 2419 anu.
484 2354 621 2418 Addidit
642 2353 762 2419 Covelh
781 2353 879 2418 codici
899 2354 996 2418 alium
1014 2355 1167 2418 Viennen-

123 2463 185 2504 sem
202 2439 239 2504 cl.
255 2440 484 2504 Griesbachius.

168 2524 250 2589 Ibid.
267 2524 287 2589 l.
304 2526 356 2588 18.
380 2529 427 2590 καὶ
449 2525 483 2590 τὸ
511 2523 609 2589 κοινὸν
632 2527 727 2604 ὄνομα
748 2529 799 2602 τῆς
821 2527 862 2590 εἰς
884 2525 1055 2605 ἀνθρώπους
1076 2532 1163 2605 φιλο·

123 2613 264 2692 στοργίας
278 2611 497 2695 ἀναλαμβάνει]
516 2609 703 2696 Legendum
719 2607 854 2686 videtur,
872 2609 918 2672 καὶ
932 2609 966 2671 τὸ
982 2609 1081 2672 κοινὸν
1095 2611 1164 2673 ὅνο-

122 2720 164 2774 μα
178 2700 213 2773 τῇ
229 2698 271 2761 εἰς
285 2696 454 2776 ἀνθρώπους
468 2697 666 2779 φιλοστοργίᾳ
681 2697 710 2758 ἀ.

167 2780 205 2843 Ρ.
218 2782 269 2860 69.
287 2777 307 2840 l.
325 2798 352 2842 1.
376 2778 612 2846 Οὔτε-τέλειος
626 2781 663 2859 ἦν
677 2779 760 2862 Υἱὸς]
778 2777 867 2842 Nihil
882 2776 989 2841 deerat
1005 2776 1088 2840 Filio
1103 2778 1164 2840 Dei

122 2863 164 2926 ad
185 2862 404 2948 perfectionem
427 2863 633 2947 generationis
654 2878 778 2926 oeternae
800 2886 839 2926 ex
865 2866 972 2939 Patre,
996 2878 1165 2948 antequam

122 2949 209 3011 fieret
225 2945 325 3010 Filius
339 2946 491 3010 hominis:
515 2948 569 3011 sed
588 2949 628 3010 ad
648 2949 823 3032 perfectum
842 2948 1025 3035 mysterium
1039 2971 1164 3012 oecono·

122 3032 193 3095 miae
215 3031 321 3094 deerat
344 3031 471 3095 Christo
494 3031 576 3095 Filio
598 3033 670 3106 Dei,
688 3048 726 3097 ut
746 3034 834 3097 fieret
855 3033 955 3096 Filius
973 3032 1118 3110 hominio,
1134 3048 1164 3096 et

123 3116 165 3180 sic
185 3130 264 3181 esset
283 3117 440 3202 perfectus
456 3116 609 3181 Christus.
657 3120 739 3181 Cum
761 3141 852 3181 carne
873 3118 980 3203 itaque
997 3118 1099 3182 factus
1118 3132 1165 3183 est

162 3204 278 3268 rt’ectus
294 3202 447 3276 Christus,
463 3219 495 3266 et
514 3203 671 3300 perfectus
690 3203 754 3266 sive
772 3203 946 3350 completus
966 3202 1085 3275 Filius;
1111 3203 1164 3266 Fi-

133 3289 182 3352 ius
197 3288 310 3352 scilicet
330 3287 390 3352 Dei
412 3301 442 3350 et
463 3288 564 3351 Fihus
579 3280 729 3351 hominis:
754 3288 830 3374 quin
868 3287 1020 3374 ypostasis
1035 3287 1164 3367 Christi,

121 3389 158 3436 ut
172 3374 294 3459 antiqui
309 3373 455 3458 theologi,
471 3388 503 3437 et
522 3373 717 3438 ecclesiastici
738 3374 849 3437 Patres
868 3373 1009 3451 tradunt,
1024 3386 1071 3435 est
1085 3373 1164 3459 quid

121 3458 309 3543 completum
336 3481 375 3521 ex
398 3458 522 3521 duabus
546 3458 675 3534 naturis,
702 3457 807 3521 divina
832 3457 946 3522 scilicet
969 3471 1001 3520 et
1025 3457 1164 3522 humana

121 3542 209 3604 unita
233 3542 345 3605 Verbo.
384 3545 430 3606 Et
453 3542 563 3606 beatus
586 3542 724 3629 Cyrillus
746 3542 826 3607 libro
844 3545 894 3606 ΙΙ.
919 3556 1027 3607 contra
1052 3545 1164 3606 Nesto-

121 3625 222 3689 rium:
241 3635 262 3665 “
276 3628 429 3712 Corpus,''
443 3627 557 3712 inquit,
574 3635 595 3666 “
607 3651 646 3690 ex
661 3627 791 3691 muliere
801 3642 910 3692 natum
923 3627 1048 3690 unitum
1059 3628 1163 3690 Verbo

123 3718 144 3750 ‘⁶
161 3711 331 3774 secundum
348 3711 549 3796 hypostasim,
567 3713 727 3775 Christum
743 3736 843 3776 unum
863 3729 895 3776 et
914 3711 1031 3775 Filium
1047 3726 1078 3775 et
1095 3712 1162 3775 Do-

123 3796 278 3858 “minum
298 3795 438 3882 perfecit,
454 3795 518 3859 sive
537 3796 703 3882 complevit
725 3798 859 3861 eundem
883 3801 990 3861 Deum
1012 3809 1044 3860 et
1066 3796 1163 3860 homi-

123 3889 144 3920 “
160 3883 263 3958 nem,''
273 3880 360 3967 quod
371 3880 501 3966 perinde
511 3896 567 3960 est,
579 3897 615 3944 ut
624 3881 757 3956 diceret3
774 3882 892 3946 Filium
908 3882 970 3946 Dei
981 3895 1013 3944 et
1028 3881 1163 3944 eundem

122 3965 238 4030 Filium
255 3965 397 4029 hominis.
444 3966 642 4030 Conveniunt
662 3989 733 4030 cum
752 3967 811 4046 his,
827 3992 899 4055 quae
920 3966 1075 4031 Leontius
1095 3968 1162 4052 By·

122 4051 243 4114 zantius
258 4050 309 4114 lib.
327 4049 428 4135 primo
441 4062 549 4114 contra
563 4051 774 4128 Nestorianos,
791 4067 823 4116 et
837 4052 1054 4138 Eutychianos
1069 4051 1163 4136 scrip

122 4136 171 4211 sit,
187 4135 343 4221 duplicem
365 4157 430 4196 esse
451 4136 670 4221 perfectionem
688 4137 720 4199 in
737 4137 874 4216 Christo,
889 4160 983 4201 unam
1001 4159 1073 4221 quoe
1089 4135 1161 4199 sim-

120 4218 241 4303 pliciter
255 4220 379 4298 dicitur,
396 4219 524 4283 alteram
539 4244 611 4307 quae
630 4221 663 4284 in
683 4221 867 4286 habitudine
887 4221 1035 4299 cernitur,
1052 4242 1162 4284 secun·
