2678 4830
147 331 212 398 292
530 330 563 392 S.
580 328 796 393 CYPRIAN
801 328 816 391 1

147 499 251 573 nobis
279 499 413 573 amicos
439 499 483 573 de
508 501 732 574 terrestribus
758 500 868 573 lucris
893 498 1047 599 provida
1076 526 1210 599 opera-

147 615 244 688 tione
267 615 476 706 faceremus,
493 615 555 713 qui
574 644 639 688 nos
658 615 890 716 postmodum
909 617 946 688 in
963 616 1209 690 tabernacula

146 747 280 806 aeterna
298 733 531 832 susciperent,
550 733 703 806 fideliter
729 760 770 806 ae
791 733 977 806 salubriter
993 759 1207 831 praemone-

56 855 106 902 ¹vi·
145 862 210 935 ret,
237 848 375 921 addidit
400 863 481 947 post
508 851 585 921 haec
611 851 786 947 scriptura
810 849 955 922 dicens:
982 849 1206 923 Audiebant

146 974 267 1037 uatem
292 965 365 1038 loc
390 966 510 1039 onznia
526 964 719 1054 Pharisaei,
737 967 801 1065 qui
826 975 933 1039 erant
958 964 1228 1063 cupidissimis

146 1091 183 1153 et
199 1080 402 1154 irridebunt
419 1108 510 1154 eunt.
561 1082 696 1164 Quales
714 1109 812 1155 nune
829 1081 1004 1178 quosdam
1023 1081 1064 1153 in
1083 1082 1203 1155 eccle-

144 1197 197 1270 sia
218 1197 394 1286 videmus,
413 1224 567 1294 quorum
593 1198 778 1298 praeclusae
806 1225 907 1271 aures
930 1211 967 1271 et
988 1197 1099 1270 corda
1121 1224 1202 1270 coe-

145 1329 225 1387 cata
250 1315 392 1387 nullum
419 1313 464 1386 de
490 1314 709 1413 spiritalibus
736 1341 778 1386 ac
804 1313 1019 1386 salutaribus
1043 1313 1200 1387 monitis

145 1430 269 1504 lumen
300 1430 520 1513 admittunt;
558 1429 602 1503 de
632 1429 762 1528 quibus
796 1429 915 1502 mirari
947 1455 1019 1501 non
1048 1444 1200 1528 oportet

145 1546 241 1643 quod
264 1559 500 1619 contemnant
524 1547 562 1619 in
588 1546 799 1619 tractatibus
823 1572 978 1635 servum,
1002 1546 1152 1643 quando
1176 1574 1245 1620 aro

143 1662 277 1735 talibus
307 1663 427 1762 ipsum
461 1663 665 1736 Dominum
697 1662 882 1735 videamus
916 1688 994 1734 csse
1028 1675 1198 1736 contem-

142 1792 234 1850 tum.

193 1893 262 1966 IX.
289 1894 387 1976 Quid
412 1895 477 1967 tibi
502 1895 539 1966 in
565 1895 643 1967 istis
664 1896 796 1996 ineptis
814 1909 851 1969 et
868 1896 986 1969 stultis
1004 1895 1198 1994 cogitatio-

142 2009 249 2082 nibus
275 2011 429 2109 plaudis,
454 2011 556 2109 quasi
587 2026 688 2085 metu
715 2029 752 2084 et
781 2012 1023 2086 sollicitudine
1052 2012 1196 2085 futuro-

142 2153 224 2200 rum
248 2129 293 2200 ab
317 2129 484 2228 operibus
511 2128 720 2201 retarderis?
755 2127 855 2211 Quid
878 2130 1022 2201 umbras
1040 2140 1078 2200 et
1101 2155 1195 2229 prae-
1208 2155 1240 2215 15

143 2243 265 2343 stigias
283 2245 457 2343 quasdam
475 2271 576 2317 vanae
594 2245 835 2318 excusationis
858 2243 1048 2316 obtendis?
1091 2246 1194 2317 Con-

144 2363 245 2434 fitere.
270 2362 385 2433 immo
410 2388 492 2459 quae
518 2389 600 2434 vera
626 2374 748 2445 sunt3·
764 2376 800 2434 et
827 2362 911 2458 quia
937 2361 1088 2434 seientes
1116 2387 1191 2434 non

142 2491 245 2575 potes
263 2477 397 2567 fallere,
411 2492 545 2550 secreta
559 2490 595 2549 et
613 2476 735 2550 abdita
752 2477 884 2550 mentis
903 2502 1085 2576 exprome.
1114 2477 1195 2550 Ob-

144 2594 311 2667 sederunt
329 2594 491 2667 animum
509 2607 612 2667 tuum
633 2593 827 2665 sterilitatis
845 2595 1013 2681 tenebre,
1031 2606 1067 2666 et
1091 2620 1193 2667 reee-

143 2707 251 2780 dente
275 2708 358 2781 inde
382 2709 521 2781 lumine
545 2708 715 2798 veritatis,
738 2708 879 2781 carnale
902 2722 1029 2807 pectus
1055 2708 1128 2781 alta
1154 2721 1192 2781 et
1202 2738 1240 2776 20

142 2824 320 2921 profunda
338 2826 494 2897 avaritiae
513 2825 629 2922 caligo
647 2825 811 2897 coecavit.
836 2825 1003 2898 Peeuniae
1020 2839 1092 2897 tuae
1104 2851 1192 2923 cap-

142 2938 236 3011 tivus
254 2953 291 3011 et
308 2966 427 3012 servus
445 2966 494 3029 es,
511 2940 646 3011 catenis
665 2940 870 3034 cupiditatis
888 2954 925 3013 et
941 2940 1093 3014 vinculis
1111 2940 1191 3013 alli·

142 3067 247 3154 gatus
261 3082 309 3145 es,
323 3069 359 3128 et
374 3082 483 3151 quem
494 3055 572 3151 jam
593 3056 745 3129 solverat
762 3057 939 3147 Christus,
952 3057 1071 3130 denuo
1088 3055 1191 3131 vinc-

142 3186 199 3243 tus
217 3199 266 3244 es.
319 3172 443 3245 Servas
470 3172 673 3271 pecuniam,
690 3198 771 3269 quae
797 3189 833 3245 te
857 3185 994 3246 servata
1016 3199 1089 3245 non
1116 3199 1191 3245 ser-

140 3301 211 3360 vat.
263 3289 524 3363 Patrimonium
552 3290 728 3378 cumulas,
750 3288 848 3386 quod
876 3303 911 3361 te
936 3289 1094 3388 pondere
1120 3315 1189 3363 suo
1200 3317 1238 3378 25

140 3417 280 3488 onerat3
308 3433 374 3478 nec
392 3407 591 3478 meministi
610 3405 697 3502 quid
720 3404 822 3476 Deus
843 3405 1066 3504 responderit
1083 3406 1189 3480 diviti

141 3521 415 3592 exuberantium
444 3521 628 3593 fructuum
654 3520 796 3618 copiam
829 3522 938 3593 stulta
964 3521 1188 3596 exultatione

18 3671 38 3704 a
49 3655 91 3703 xii.
134 3635 307 3732 jactanti:
326 3635 457 3720 Stulte,
475 3637 606 3733 inquit,
623 3634 691 3708 huc
709 3647 811 3709 nocte
829 3637 1080 3733 expostulatur
1103 3641 1187 3711 uui-

139 3777 199 3825 ma
217 3760 281 3824 tua
299 3777 321 3823 α
340 3761 385 3824 te.
415 3751 506 3828 Ques
530 3776 618 3849 ergo
638 3754 788 3847 parasti
804 3753 908 3851 cujus
926 3754 1058 3829 erunt?
1086 3754 1187 3836 Quid

139 3867 272 3942 divitiis
291 3869 361 3940 tuis
380 3866 475 3939 solus
494 3868 654 3957 incubas,
672 3869 759 3965 quid
780 3869 817 3941 in
835 3895 981 3968 poenam
1002 3884 1102 3943 tuam
1120 3898 1185 3971 pa·
1195 3899 1235 3956 30

137 3985 295 4058 trimonii
324 3985 375 4056 tui
402 3983 544 4081 pondus
571 4010 776 4082 exaggeras
804 3998 845 4056 ut
871 4011 944 4082 quo
973 3985 1187 4085 locupletior

139 4103 269 4176 saeculo
295 4100 416 4189 fueriS,
441 4100 632 4199 pauperior
657 4100 739 4172 Deo
765 4100 854 4172 fias?
897 4101 1074 4175 Redditus
1101 4115 1184 4176 tuos

138 4217 256 4291 divide
282 4244 365 4290 curn
393 4215 556 4288 Domino
582 4217 665 4289 Deo
690 4228 764 4305 tuo,
787 4217 923 4289 fructus
946 4231 1027 4291 tuos
1050 4217 1184 4316 partire
