2678 4830
428 344 492 407 DE
517 340 892 408 MORTALITATE.
1121 343 1184 411 275

139 525 252 602 mant,
267 540 312 586 an
332 540 475 612 rapaces
494 515 649 587 avaritiae
665 514 814 588 furentis
832 511 1072 587 insatiabilem
1092 540 1185 586 sern-

136 656 203 730 per
225 630 387 703 ardorem
404 632 461 703 vel
485 643 584 703 metu
609 630 735 703 mortis
760 631 986 729 extinguant,
1004 656 1049 702 an
1073 631 1186 702 cervi-

139 771 218 818 cem
240 747 386 818 flectant
408 746 564 845 superbi,
582 773 625 819 an
652 746 838 819 audaciam
860 745 999 818 leniant
1015 745 1185 845 improbi,
1309 783 1312 789 ·

139 887 184 930 an
201 861 436 959 pereuntibus
453 860 555 949 caria,
571 861 627 933 vel
650 861 701 934 sic
719 859 854 957 aliquid
871 859 999 934 divites
1020 860 1186 959 indigen·

110 976 235 1068 5tibus
254 977 451 1074 largiantur
468 990 505 1050 et
521 977 658 1050 donent
675 977 752 1050 sine
770 976 900 1050 herede
920 977 1103 1050 morituri!
1132 977 1185 1051 Ut

138 1092 229 1165 nihil
248 1094 345 1166 aliud
366 1094 563 1168 mortalitas
581 1095 649 1168 ista
666 1095 868 1181 contulerit,
883 1095 953 1168 hoc
971 1095 1185 1168 Christianis

138 1221 174 1281 ct
199 1208 272 1282 Dei
297 1210 404 1282 servis
427 1211 626 1309 plurimum
649 1211 826 1311 praestitit,
850 1211 946 1310 quod
972 1211 1183 1309 martyrium

139 1325 319 1424 coepimus
343 1326 498 1401 libenter
521 1343 701 1427 appetere,
717 1328 802 1401 dum
832 1340 987 1400 mortem
1013 1326 1185 1400 discimus

139 1467 213 1513 non
236 1441 375 1516 timere.
425 1443 608 1517 Exercitia
626 1457 710 1518 sunt
728 1444 831 1516 nobis
848 1444 928 1533 ista,
947 1470 1020 1517 non
1038 1444 1185 1526 funera;

94 1558 227 1636 10dant
257 1558 379 1632 animo
407 1559 627 1632 fortitudinis
657 1559 820 1658 gloriam,
846 1571 1033 1632 contemtu
1060 1560 1185 1632 mortis

138 1689 340 1775 praeparant
358 1676 404 1748 ad
421 1684 603 1749 coronam.

188 1792 259 1865 XI.
285 1792 357 1865 Sed
381 1793 529 1866 fortasse
555 1793 683 1891 aliquis
709 1807 869 1893 opponat
895 1806 932 1867 et
956 1793 1074 1868 dicat:
1103 1794 1187 1867 Hoc

139 1935 198 1982 me
217 1935 303 2007 ergo
325 1908 362 1982 in
383 1909 551 2008 praesenti
570 1910 786 1983 mortalitate
804 1910 992 1983 contristat
1009 1911 1106 2008 quod
1124 1911 1186 2008 qui

136 2037 283 2124 paratus
307 2025 351 2099 ad
374 2025 633 2099 confessionem
659 2027 810 2115 fueram,
830 2040 866 2099 et
888 2024 932 2098 ad
956 2028 1185 2101 tolerantiam

93 2163 125 2226 15
138 2142 313 2243 passionis
331 2154 409 2215 toto
433 2169 492 2215 me
510 2141 616 2215 corde
633 2155 669 2214 et
685 2143 791 2241 plena
809 2141 942 2215 virtute
959 2140 1186 2232 devoveram,

137 2258 310 2356 martyrio
328 2284 410 2330 meo
428 2256 559 2356 privor,
576 2256 665 2329 dum
684 2270 799 2329 morte
816 2257 1025 2356 praevenior.
1064 2257 1186 2330 Primo

138 2375 176 2447 in
202 2376 282 2446 loco
305 2400 377 2445 non
405 2373 517 2446 estin
540 2386 603 2445 tua
623 2386 802 2473 potestate
827 2373 947 2446 sedin
971 2374 1042 2445 Dei
1062 2373 1188 2471 digna-

138 2491 237 2563 tione
270 2489 495 2588 martyrium,
529 2516 596 2562 nec
630 2502 730 2587 potes
765 2502 802 2562 te
835 2489 953 2562 dicere
988 2489 1185 2588 perdidisse

138 2605 235 2705 quod
267 2605 382 2678 nescis
412 2632 457 2677 an
492 2604 657 2677 merearis
688 2605 859 2703 accipere.
921 2605 1026 2678 Tunc
1056 2605 1186 2679 deinde

91 2721 239 2795 20Deus
266 2733 440 2794 scrutator
465 2721 558 2794 renis
581 2733 618 2793 et
646 2720 762 2794 cordis
788 2735 824 2794 et
849 2722 1073 2794 occultorum
1101 2748 1188 2795 con·

137 2839 332 2938 templator
350 2851 387 2911 et
403 2836 569 2936 cognitor
585 2835 682 2910 videt
699 2849 736 2909 te
757 2850 794 2909 et
816 2836 938 2910 laudat
961 2850 997 2910 et
1021 2864 1182 2936 compro·

137 2955 211 3045 bat,
228 2967 265 3027 et
290 2954 352 3052 qui
377 2953 550 3053 perspicit
576 2953 670 3052 apud
698 2966 734 3026 tc
760 2968 921 3052 paratam
942 2954 1051 3027 finisse
1075 2955 1188 3027 virtu-

137 3081 225 3156 tem,
243 3070 367 3143 reddet
383 3097 449 3171 pro
466 3071 597 3144 virtute
617 3070 832 3143 mercedem.
884 3070 1075 3169 Numquid
1093 3071 1185 3145 Cain

138 3213 223 3259 cum
250 3185 333 3259 Deo
360 3213 491 3261 munus
517 3186 657 3259 offerret
679 3186 757 3282 jam
787 3200 986 3285 peremerat
1013 3187 1185 3260 fratrem?

92 3332 125 3392 25
138 3301 188 3375 Et
211 3314 333 3375 tamen
358 3301 587 3402 parricidium
608 3314 729 3374 mente
747 3314 964 3400 conceptum
983 3303 1086 3374 Deus
1104 3329 1186 3402 pro-

137 3420 240 3494 vidus
271 3436 354 3493 ante
384 3419 581 3492 damnavit.
635 3418 689 3492 Ut
718 3417 793 3490 illic
822 3418 994 3516 cogitatio
1027 3420 1120 3492 mala
1149 3432 1185 3493 et

136 3537 339 3636 perniciosa
361 3535 549 3634 conceptio
573 3535 657 3608 Deo
679 3533 890 3633 providente
913 3553 1102 3636 prospecta
1120 3549 1186 3626 est,

136 3653 247 3726 itaet
271 3651 305 3724 in
333 3651 407 3725 Dei
433 3650 552 3749 servis,
570 3650 664 3748 apud
692 3676 782 3747 quos
804 3651 981 3723 confessio
1007 3651 1187 3751 cogitatur

138 3781 174 3841 et
197 3767 409 3866 martyrium
436 3779 558 3839 mente
580 3764 793 3865 coneipitur,
814 3765 954 3840 animus
979 3767 1022 3842 ad
1048 3771 1184 3843 bonum

88 3882 279 3970 godeditus
303 3882 385 3956 Deo
401 3881 525 3980 judice
549 3894 748 3954 coronatur.
800 3880 910 3953 Aliud
935 3895 989 3955 est
1012 3887 1184 3983 martyrio

137 3998 299 4071 animum
332 3998 465 4084 deesse,
494 3996 591 4070 aliud
622 3997 743 4070 animo
772 3997 927 4070 defuisse
955 3999 1181 4097 martyrium.

137 4114 291 4196 Qualem
310 4125 346 4186 te
363 4114 499 4188 invenit
519 4113 701 4187 Dominus
722 4140 808 4186 cum
825 4127 940 4202 vocat,
957 4113 1065 4186 talem
1087 4113 1182 4211 pari-

135 4241 191 4302 ter
207 4241 243 4302 et
259 4228 409 4325 judicat,
427 4229 572 4329 quando
592 4229 670 4330 ipse
691 4241 842 4303 testetur
858 4242 895 4302 et
918 4228 1028 4302 dicat:
1045 4230 1099 4302 Et
1113 4230 1266 4316 sci-apoc
1278 4251 1303 4301 it

628 4366 649 4408 r
664 4363 684 4412 2
