2678 4830
489 321 553 385 os
576 320 839 386 oanrrous.
1120 290 1197 383 ‘101'

145 519 211 593 pro
230 492 366 564 meritis
384 491 558 590 cujusque
576 481 677 564 secus
695 490 879 587 irrogatur.
921 487 1008 561 Jam
1027 477 1098 561 hoc
1113 485 1191 562 dic·

146 622 197 694 to,
215 607 260 693 ad
278 605 518 681 sufferentiam
535 605 775 703 nosmetipsos
793 596 1070 702 praemonemus.
1111 602 1192 676 Do-

148 723 268 796 minus
287 748 432 821 quoque
450 747 563 819 quum
583 721 650 794 sub
667 720 877 793 instantiam
894 710 1068 818 passionis
1091 720 1191 794 infir-

148 839 314 912 mitatem
334 837 449 910 camis
470 836 715 908 demonstrare
732 829 811 931 jam
830 835 869 906 in
887 860 951 907 sua
968 861 1074 907 carne
1090 835 1194 908 volu-

120 987 136 1047 5
150 954 245 1038 isset,
258 953 388 1037 Pater,
400 951 531 1048 inquit,
545 950 652 1042 (Luc.
662 949 749 1023 xxii.
762 955 836 1047 42.)
850 946 1016 1050 tromper
1022 950 1194 1048 poculum

149 1070 251 1142 istud
261 1102 274 1153 ,·
305 1080 341 1141 et
371 1066 587 1156 recordatus,
613 1067 686 1139 nisi
710 1066 807 1164 quod
828 1091 910 1139 meo
932 1091 1016 1150 non,
1040 1067 1107 1139 sed
1129 1078 1209 1151 tua¹

134 1181 219 1283 fiat
234 1181 413 1256 voluntas.
458 1180 543 1278 Ipse
560 1193 636 1253 erat
652 1180 817 1253 voluntas
835 1192 872 1252 et
888 1192 1046 1278 potestas
1064 1181 1193 1268 Patris;

151 1310 335 1373 ettamen
361 1295 405 1370 ad
434 1295 778 1370 demonstrationem
809 1297 1022 1370 sufferentia
1050 1295 1194 1388 debitae,

150 1413 328 1489 voluntati
346 1438 383 1484 se
402 1411 517 1484 Patris
535 1410 693 1485 tradidit.

107 1570 142 1608 ιο
201 1530 354 1602 Vnura‘r
381 1553 526 1625 quoque
554 1551 717 1600 auersum
746 1550 860 1601 Tuum
890 1528 935 1602 ad
964 1527 1001 1603 id
1027 1530 1196 1630 pertinet,

153 1644 251 1743 quod
268 1654 306 1716 et
321 1642 409 1716 luat
424 1642 595 1715 voluntas
612 1652 692 1732 tuo,
708 1643 747 1715 in
770 1644 875 1716 nobis
899 1644 1045 1718 scilicet.
1095 1646 1196 1720 Nam
1290 1646 1298 1661 '

153 1761 257 1834 Deus
277 1756 517 1858 quandonon
543 1758 691 1856 regnat?
717 1759 757 1831 in
782 1758 886 1857 cajus
909 1786 1020 1834 manu
1043 1787 1105 1835 cor
1123 1786 1198 1834 om-

153 1877 254 1950 nium
271 1900 402 1972 regam
420 1884 474 1947 est
490 1875 606 1966 (Prov.
620 1873 695 1945 xxi.
713 1878 769 1971 1.).
813 1873 883 1947 Sed
902 1875 1075 1973 quicquid
1093 1876 1197 1950 nobis

154 2005 333 2091 optamus,
360 1991 398 2063 in
425 1990 529 2062 illum
564 2015 793 2088 auguramur,
823 2003 860 2063 et
888 1990 940 2062 illi
970 1991 1199 2090 deputamus,

110 2105 251 2202 r5quod
270 2105 315 2177 ab
332 2103 395 2177 illo
413 2117 656 2202 expectamus.
709 2103 838 2201 Itaque
862 2105 890 2177 si
915 2105 961 2179 ad
983 2106 1054 2178 Dei
1072 2107 1201 2179 volun-

154 2234 280 2309 tatem,
302 2231 339 2292 et
365 2218 409 2292 ad
433 2233 593 2292 nostram
619 2220 891 2318 suspensionem
918 2221 1073 2320 pertinet
1098 2221 1201 2319 regni

154 2334 344 2409 Dominici
366 2335 643 2432 repraesentatio,
665 2334 849 2433 quomodo
871 2335 1018 2432 quidam
1042 2348 1202 2433 protrac-

157 2464 235 2524 tum
254 2449 449 2548 quemdam
469 2452 590 2524 seculo
607 2451 803 2550 postulant,
816 2477 928 2548 quum
948 2476 1101 2548 regnum
1116 2448 1202 2538 Dei,

159 2565 255 2662 quod
280 2578 321 2638 ut
344 2564 511 2639 adveniat
534 2591 690 2654 oramus,
707 2564 752 2638 ad
774 2564 1124 2639 consummationem
1148 2593 1204 2640 se-

16 2707 19 2709 *
112 2682 230 2755 roculi
260 2680 407 2753 tendat?
456 2681 637 2779 Optamus
668 2681 843 2754 maturius
874 2686 1032 2779 regnare,
1062 2693 1099 2754 et
1128 2708 1204 2755 non

157 2797 292 2871 diutius
323 2796 462 2868 servire.
513 2795 637 2869 Etiam
669 2796 697 2868 si
727 2796 945 2894 praefinitum
976 2796 1015 2869 in
1044 2796 1204 2871 oratione
1258 2805 1259 2808 ’

159 2940 232 2985 ηοη
257 2925 351 2985 esset
376 2912 422 2984 de
442 2910 657 3010 postulando
682 2912 783 3010 regni
810 2912 978 3002 adventu,
1003 2912 1098 2985 ultro
1123 2938 1205 2986 eam

159 3054 284 3101 vocem
311 3027 596 3126 protulissemus,
623 3027 737 3120 (Heb.
755 3028 801 3100 iv.
824 3032 896 3124 11.)
922 3015 1133 3100 festinantes
1158 3027 1205 3100 ad

161 3144 236 3242 spei
255 3155 384 3217 nostrae
401 3144 646 3242 complexum.
690 3143 861 3217 Clamant
879 3143 929 3216 ad
943 3144 1148 3216 Dominum
1167 3143 1208 3215 in

115 3259 241 3346 25oisu
269 3260 397 3332 animur
424 3269 630 3357 martyrum
655 3257 723 3331 sub
750 3257 888 3332 altori:
916 3282 1070 3356 quonam
1094 3281 1208 3354 usque

160 3401 231 3447 aon
255 3374 454 3463 ulcisceris,
472 3373 644 3462 Domine,
660 3375 878 3474 sangninem
901 3389 1063 3447 nostrum
1087 3373 1131 3446 de
1152 3372 1208 3445 in-

162 3490 250 3563 colis
267 3491 402 3563 terrea?
419 3489 550 3588 (Apoe.
561 3489 607 3561 vi.
619 3495 669 3586 9.)
681 3541 686 3547 ·
699 3489 800 3561 Nam
817 3489 943 3586 utique
957 3489 1046 3562 ultio
1063 3487 1207 3560 illorum

162 3605 310 3677 aseculi
335 3606 407 3676 fine
430 3604 605 3703 dirigitur.
657 3603 740 3676 Imo
763 3630 875 3700 quam
898 3601 1060 3676 celeriter
1074 3603 1209 3691 veniat,

74 3805 78 3809 ‚
162 3719 324 3791 Domine
335 3744 493 3818 regnum
507 3728 611 3792 tuum
624 3719 750 3811 (Matt.
760 3718 807 3793 vi.
826 3722 909 3814 lo).
935 3717 1073 3790 Votum
1087 3716 1210 3790 Chris-

116 3834 358 3923 3otianorum,
375 3832 540 3906 confusio
563 3833 763 3921 nationum,
787 3831 961 3906 exultatio
986 3832 1210 3931 angelorum,

163 3959 309 4046 propter
326 3948 425 4044 quod
442 3948 702 4040 conflictamur,
719 3948 795 4021 imo
811 3947 932 4047 potius
949 3943 1211 4048 propterquod

164 4089 318 4136 oramus.

209 4176 280 4250 Sed
297 4206 406 4276 quam
425 4181 606 4278 eleganter
622 4180 745 4253 divina
762 4179 937 4282 sapientia
954 4176 1117 4252 ordinem
1134 4201 1213 4250 ora·
1255 4194 1338 4308 opp.

664 4316 687 4359 Η
702 4315 722 4380 3
