2678 4830
336 329 401 393 DE
425 327 581 392 OPERE
605 327 669 390 ET
693 326 1044 390 ELEEMOSYNIS.
1155 326 1219 396 293

171 525 256 573 cum
270 499 429 589 Christo,
440 499 496 572 fac
507 498 574 571 tibi
588 498 848 598 possessionem
864 497 1082 571 terrestrium
1096 496 1219 570 Chris-

169 628 251 688 tum
264 615 489 715 participem,
501 628 543 688 ut
556 628 591 686 et
609 614 669 686 ille
683 627 719 687 te
733 614 800 687 sihi
816 613 924 687 faciat
938 638 1129 711 regnorum
1144 640 1219 687 coe-

170 730 315 803 lestium
334 730 569 804 cohaeredem.

220 847 269 920 X.
295 847 403 919 Erras
422 860 458 920 et
475 845 607 919 falleris
625 844 788 942 quisquis
805 857 843 917 te
861 845 898 916 in
916 845 1047 918 saeculo
1068 845 1214 919 divitem

143 963 296 1052 5credis.
324 963 422 1036 Audi
441 963 479 1036 in
497 961 718 1063 Apocalypsi
737 961 889 1034 Domini
909 961 961 1034 tui
980 987 1105 1034 vocem
1125 963 1218 1059 ejus-

171 1078 269 1151 modi
295 1079 460 1151 homines
480 1077 589 1174 justis
613 1076 925 1174 objurgationibus
950 1077 1216 1177 increpantem:

171 1195 293 1284 Dicis,
310 1195 440 1293 inquit,
458 1195 556 1269 dives
577 1220 669 1282 sum,
693 1203 728 1266 et
751 1193 891 1266 ditatus
913 1220 1004 1283 sum,
1024 1204 1059 1267 el
1081 1193 1304 1276 nulliacum
1318 1213 1332 1226 ''

171 1313 228 1384 rei
245 1337 350 1411 egem
375 1322 411 1384 et
432 1313 550 1385 neseis
573 1311 745 1410 quoniam
763 1320 803 1382 lu
820 1336 858 1382 es
875 1311 997 1400 miser,
1016 1320 1051 1383 et
1069 1312 1219 1385 miseru-

173 1427 266 1518 ln'lls,
294 1439 330 1502 et
354 1455 509 1527 pauper,
534 1438 569 1501 et
595 1452 724 1516 coecua,
751 1436 787 1500 et
812 1427 942 1501 nudus,
978 1427 1122 1500 Suadeo
1153 1429 1220 1502 tibi

127 1578 162 1617 ιο
173 1572 291 1618 emere
308 1573 332 1619 a
351 1572 407 1619 me
430 1572 561 1619 aarum
586 1545 745 1644 ignitum
763 1544 807 1617 de
823 1544 915 1644 igni,
933 1555 975 1618 ut
990 1545 1043 1619 sia
1059 1545 1168 1632 diver,
1186 1556 1221 1619 et
1248 1558 1250 1562 ‘

170 1673 304 1736 vestem
330 1662 462 1753 albam,
488 1672 529 1736 ut
553 1662 737 1749 vestiaris,
759 1671 795 1734 et
820 1688 891 1735 non
917 1673 1096 1759 appareat
1121 1664 1161 1736 in
1186 1673 1223 1736 te

157 1776 321 1878 foeditas
336 1778 515 1852 nuditatis
533 1788 614 1866 raa,
629 1788 665 1850 et
683 1776 833 1876 collyrio
851 1779 988 1878 inunge
1004 1778 1125 1853 oculos
1142 1788 1222 1852 tuos

169 1905 213 1968 ut
227 1896 362 1968 videus.
407 1896 480 1978 Qui
505 1921 591 1994 ergo
615 1895 775 1994 locuples
799 1909 836 1967 et
858 1894 957 1968 dives
980 1922 1029 1984 es,
1047 1922 1129 1968 eme
1153 1895 1221 1967 tibi

171 2039 191 2083 a
208 2011 355 2084 Christo
374 2038 502 2085 aurum
521 2011 691 2111 ignitum,
711 2023 751 2082 ut
775 2012 938 2083 sordibus
957 2011 1028 2085 tuis
1047 2026 1220 2108 tanquam

126 2127 254 2227 15igne
277 2127 447 2216 decoctis,
464 2155 541 2200 esse
566 2153 694 2200 aurum
719 2127 896 2199 mundum
923 2127 1048 2226 possis,
1072 2127 1102 2200 si
1129 2128 1222 2200 elee-

172 2243 332 2341 mosynis
350 2256 386 2315 et
402 2243 503 2338 justa
524 2241 732 2342 operatione
749 2243 922 2340 purgeris.
973 2241 1067 2314 Eme
1085 2243 1152 2315 tihi
1171 2243 1223 2315 al-

172 2360 255 2430 bam
273 2371 424 2448 vestem,
443 2371 484 2430 ut
504 2357 568 2455 qui
594 2355 794 2430 secundum
814 2356 932 2428 Adam
956 2356 1074 2429 nudus
1092 2357 1221 2448 fueras,

171 2489 207 2547 et
232 2475 399 2547 horrebas
425 2487 507 2547 ante
530 2473 714 2560 deformis,
736 2472 951 2545 indumento
977 2473 1113 2546 Christi
1139 2501 1222 2547 can-

171 2590 257 2665 dido
280 2591 451 2664 vestiaris.
501 2591 553 2663 Et
576 2616 657 2687 quae
682 2602 846 2662 matrona
872 2589 1033 2688 locuples
1060 2603 1096 2662 et
1122 2590 1221 2664 dives

125 2742 162 2780 20
171 2735 221 2797 es,
239 2708 373 2806 inunge
391 2709 515 2780 oculos
539 2723 632 2795 tuos,
649 2733 721 2778 non
740 2705 848 2778 stibio
865 2705 1012 2796 diaboli,
1029 2706 1090 2779 sed
1110 2708 1222 2808 colly-

171 2826 225 2898 rio
242 2824 394 2909 Christi3
413 2837 453 2898 ut
471 2822 655 2924 pervenire
673 2821 718 2894 ad
736 2821 930 2895 videndum
950 2821 1073 2897 Deum
1093 2824 1221 2924 possis,

170 2944 258 3016 dum
278 2945 401 3017 Deum
421 2956 456 3015 et
473 2942 642 3042 operibus
657 2954 693 3014 et
710 2941 872 3013 moribus
890 2941 1113 3040 promereris,
1141 2941 1221 3015 Cae-

171 3074 290 3133 terum
313 3087 393 3158 quae
415 3059 495 3132 talis
522 3086 572 3148 es,
596 3084 662 3131 nec
688 3057 826 3157 operari
855 3056 891 3128 in
920 3056 1071 3130 ecclesia
1094 3072 1220 3157 potes:

170 3177 353 3276 Egentem
380 3176 479 3250 enirn
504 3188 541 3248 et
566 3201 762 3274 pauperem
790 3200 865 3246 non
892 3172 1016 3246 vident
1042 3175 1137 3247 oculi
1167 3176 1220 3248 tui

124 3324 139 3363 2
143 3321 159 3382 5
172 3294 348 3393 superfusi
367 3293 517 3392 nigroris
536 3291 692 3365 tenebris
710 3303 746 3363 et
764 3304 871 3363 nocte
889 3290 1058 3362 contecti.

219 3411 290 3485 Xl.
323 3411 505 3509 Locuples
532 3422 568 3481 et
598 3408 696 3481 dives
722 3434 772 3496 es,
799 3419 836 3478 et
864 3405 1100 3479 Dominicum
1130 3410 1222 3482 cele-

171 3531 271 3602 brare
296 3543 333 3602 te
359 3526 488 3615 credis,
515 3551 597 3623 quae
624 3525 755 3597 corban
782 3522 934 3595 omnino
961 3549 1036 3596 non
1061 3524 1221 3623 respicis,

171 3670 251 3741 quae
277 3644 313 3717 in
340 3643 580 3717 Dominicum
609 3642 685 3714 sine
711 3640 885 3714 sacrificio
911 3638 1023 3730 venis,
1041 3666 1121 3737 quae
1139 3668 1221 3741 par-

162 3773 244 3830 tem
269 3759 313 3832 de
337 3759 512 3833 sacrificio
536 3756 632 3856 quod
660 3784 797 3857 pauper
821 3756 954 3829 obtulit
980 3757 1105 3830 sumis.
1159 3758 1221 3829 In-

122 3888 270 3959 30tuere
291 3876 329 3948 in
352 3876 538 3974 evangelio
554 3874 700 3948 viduam
724 3887 989 3972 praeceptorum
1012 3873 1218 3947 eoelestium

171 4019 368 4066 memorem
393 3995 485 4067 inter
508 3993 602 4092 ipsas
624 4018 807 4092 pressuras
824 4005 861 4063 et
878 3991 1063 4089 angustias
1082 4004 1218 4089 egesta-

169 4111 215 4182 tis
233 4124 454 4209 operantem,
472 4109 508 4182 in
528 4108 832 4208 gazophylacium
850 4106 923 4180 duo
942 4133 1024 4203 qnae
1050 4107 1126 4178 sola
1150 4107 1217 4180 sihi

170 4226 313 4300 fuerant
336 4225 475 4300 minuta
501 4227 727 4300 mittentem:
755 4249 862 4323 quam
883 4249 967 4296 cum
994 4221 1219 4299 animadver-

666 4362 723 4427 ¹53
