<?xml version="1.0" encoding="UTF-8"?>
<!DOCTYPE html PUBLIC "-//W3C//DTD XHTML 1.0 Transitional//EN"
    "http://www.w3.org/TR/xhtml1/DTD/xhtml1-transitional.dtd">
<html xmlns="http://www.w3.org/1999/xhtml" xml:lang="en" lang="en">
 <head>
  <title>
</title>
<meta http-equiv="Content-Type" content="text/html;charset=utf-8" />
  <meta name='ocr-system' content='tesseract 3.04.00' />
  <meta name='ocr-capabilities' content='ocr_page ocr_carea ocr_par ocr_line ocrx_word'/>
</head>
<body>
  <div class='ocr_page' id='page_1' title='image "./scriptorumeccle00unkngoog_0053.png"; bbox 0 0 2678 4830; ppageno 0'>
   <div class='ocr_carea' id='block_1_1' title="bbox 426 568 1001 676">
    <p class='ocr_par' dir='ltr' id='par_1_1' title="bbox 426 568 1001 676">
     <span class='ocr_line' id='line_1_1' title="bbox 426 568 1001 676; baseline 0.003 -4"><span class='ocrx_word' id='word_1_1' title='bbox 426 568 1001 676; x_wconf 88' lang='lat' dir='ltr'><strong>ANNOTATIONES</strong></span> 
     </span>
    </p>
   </div>
   <div class='ocr_carea' id='block_1_2' title="bbox 698 817 736 860">
    <p class='ocr_par' dir='ltr' id='par_1_2' title="bbox 698 817 736 860">
     <span class='ocr_line' id='line_1_2' title="bbox 698 817 736 860; baseline 0 0"><span class='ocrx_word' id='word_1_2' title='bbox 698 817 736 860; x_wconf 83' lang='lat' dir='ltr'><em>IN</em></span> 
     </span>
    </p>
   </div>
   <div class='ocr_carea' id='block_1_3' title="bbox 198 980 1235 1191">
    <p class='ocr_par' dir='ltr' id='par_1_3' title="bbox 198 980 1235 1191">
     <span class='ocr_line' id='line_1_3' title="bbox 198 980 1235 1060; baseline 0.008 -8"><span class='ocrx_word' id='word_1_3' title='bbox 198 980 568 1055; x_wconf 82' lang='lat' dir='ltr'><strong>FRAGMENTUM</strong></span> <span class='ocrx_word' id='word_1_4' title='bbox 595 984 861 1058; x_wconf 82' lang='lat' dir='ltr'>EPISTOLAE</span> <span class='ocrx_word' id='word_1_5' title='bbox 885 985 921 1056; x_wconf 88' lang='lat' dir='ltr'><em>S.</em></span> <span class='ocrx_word' id='word_1_6' title='bbox 940 985 1138 1059; x_wconf 79' lang='lat' dir='ltr'>IRENAEI</span> <span class='ocrx_word' id='word_1_7' title='bbox 1163 988 1235 1060; x_wconf 89' lang='lat' dir='ltr'><em>AD</em></span> 
     </span>
     <span class='ocr_line' id='line_1_4' title="bbox 573 1118 857 1191; baseline 0.004 -3"><span class='ocrx_word' id='word_1_8' title='bbox 573 1118 857 1191; x_wconf 82' lang='lat' dir='ltr'><strong>FLORINUM.</strong></span> 
     </span>
    </p>
   </div>
   <div class='ocr_carea' id='block_1_4' title="bbox 572 1365 862 1411">
    <p class='ocr_par' dir='ltr' id='par_1_4' title="bbox 572 1365 862 1411">
     <span class='ocr_line' id='line_1_5' title="bbox 572 1365 862 1411; baseline 0.01 -17"><span class='ocrx_word' id='word_1_9' title='bbox 572 1365 862 1411; x_wconf 53' lang='lat'>-—§-—</span> 
     </span>
    </p>
   </div>
   <div class='ocr_carea' id='block_1_5' title="bbox 166 1562 1233 4058">
    <p class='ocr_par' dir='ltr' id='par_1_5' title="bbox 185 1562 1233 2774">
     <span class='ocr_line' id='line_1_6' title="bbox 240 1562 1233 1676; baseline 0.005 -47"><span class='ocrx_word' id='word_1_10' title='bbox 240 1566 277 1629; x_wconf 90' lang='lat' dir='ltr'><em>P.</em></span> <span class='ocrx_word' id='word_1_11' title='bbox 290 1583 343 1650; x_wconf 79' lang='lat'><em>31.</em></span> <span class='ocrx_word' id='word_1_12' title='bbox 358 1562 380 1627; x_wconf 92' lang='lat' dir='ltr'><em>l.</em></span> <span class='ocrx_word' id='word_1_13' title='bbox 389 1583 422 1647; x_wconf 88' lang='lat'><em>5.</em></span> <span class='ocrx_word' id='word_1_14' title='bbox 444 1569 579 1628; x_wconf 83' lang='grc' dir='ltr'>ΤΑΤΤΑ</span> <span class='ocrx_word' id='word_1_15' title='bbox 601 1568 638 1629; x_wconf 74' lang='grc' dir='ltr'><em>τὰ</em></span> <span class='ocrx_word' id='word_1_16' title='bbox 659 1567 802 1647; x_wconf 80' lang='grc' dir='ltr'><em>δόγματα,</em></span> <span class='ocrx_word' id='word_1_17' title='bbox 818 1570 963 1646; x_wconf 82' lang='grc' dir='ltr'>Φλορῖυε,</span> <span class='ocrx_word' id='word_1_18' title='bbox 980 1567 1055 1676; x_wconf 66' lang='lat' dir='ltr'><em>&amp;cl</em></span> <span class='ocrx_word' id='word_1_19' title='bbox 1069 1569 1233 1635; x_wconf 83' lang='lat' dir='ltr'><em>Praemissa</em></span> 
     </span>
     <span class='ocr_line' id='line_1_7' title="bbox 196 1649 1232 1736; baseline 0.006 -22"><span class='ocrx_word' id='word_1_20' title='bbox 196 1650 264 1715; x_wconf 84' lang='lat' dir='ltr'><em>haec</em></span> <span class='ocrx_word' id='word_1_21' title='bbox 281 1664 354 1714; x_wconf 91' lang='lat' dir='ltr'><em>sunt</em></span> <span class='ocrx_word' id='word_1_22' title='bbox 375 1649 415 1713; x_wconf 90' lang='lat' dir='ltr'><em>ab</em></span> <span class='ocrx_word' id='word_1_23' title='bbox 435 1650 590 1725; x_wconf 81' lang='lat' dir='ltr'><em>Eusebi03</em></span> <span class='ocrx_word' id='word_1_24' title='bbox 613 1650 666 1730; x_wconf 77' lang='grc' dir='ltr'><em>Ἐξ</em></span> <span class='ocrx_word' id='word_1_25' title='bbox 689 1654 823 1718; x_wconf 77' lang='grc' dir='ltr'>ἐναντίας</span> <span class='ocrx_word' id='word_1_26' title='bbox 844 1654 876 1714; x_wconf 83' lang='grc' dir='ltr'>δέ</span> <span class='ocrx_word' id='word_1_27' title='bbox 897 1657 955 1714; x_wconf 84' lang='grc' dir='ltr'><em>τῶν</em></span> <span class='ocrx_word' id='word_1_28' title='bbox 978 1653 1026 1716; x_wconf 85' lang='grc' dir='ltr'>ἐπὶ</span> <span class='ocrx_word' id='word_1_29' title='bbox 1058 1655 1160 1736; x_wconf 81' lang='grc' dir='ltr'>Ρῶμης</span> <span class='ocrx_word' id='word_1_30' title='bbox 1181 1657 1232 1721; x_wconf 81' lang='grc' dir='ltr'><em>τὸν</em></span> 
     </span>
     <span class='ocr_line' id='line_1_8' title="bbox 195 1737 1230 1824; baseline 0.004 -22"><span class='ocrx_word' id='word_1_31' title='bbox 195 1740 263 1820; x_wconf 79' lang='grc' dir='ltr'>ὑγιῆ</span> <span class='ocrx_word' id='word_1_32' title='bbox 277 1742 327 1816; x_wconf 77' lang='grc' dir='ltr'><em>τῆς</em></span> <span class='ocrx_word' id='word_1_33' title='bbox 342 1739 498 1816; x_wconf 72' lang='grc' dir='ltr'>ἐκκλησίας</span> <span class='ocrx_word' id='word_1_34' title='bbox 512 1737 624 1818; x_wconf 83' lang='grc' dir='ltr'>θεσμὸν</span> <span class='ocrx_word' id='word_1_35' title='bbox 643 1739 939 1820; x_wconf 83' lang='grc' dir='ltr'>παραχαραττόυτων,</span> <span class='ocrx_word' id='word_1_36' title='bbox 955 1740 1112 1820; x_wconf 79' lang='grc' dir='ltr'>Εἰρηναῖος</span> <span class='ocrx_word' id='word_1_37' title='bbox 1127 1745 1230 1824; x_wconf 84' lang='grc' dir='ltr'>διαφό-</span> 
     </span>
     <span class='ocr_line' id='line_1_9' title="bbox 194 1822 1232 1907; baseline 0.006 -21"><span class='ocrx_word' id='word_1_38' title='bbox 194 1849 263 1906; x_wconf 91' lang='grc' dir='ltr'>ρους</span> <span class='ocrx_word' id='word_1_39' title='bbox 286 1825 445 1889; x_wconf 78' lang='grc' dir='ltr'>ἐπιστολὰς</span> <span class='ocrx_word' id='word_1_40' title='bbox 466 1823 628 1887; x_wconf 88' lang='grc' dir='ltr'>συυτάττει.</span> <span class='ocrx_word' id='word_1_41' title='bbox 658 1824 712 1902; x_wconf 79' lang='grc' dir='ltr'><em>τὴν</em></span> <span class='ocrx_word' id='word_1_42' title='bbox 733 1826 789 1903; x_wconf 83' lang='grc' dir='ltr'>μέυ</span> <span class='ocrx_word' id='word_1_43' title='bbox 810 1822 978 1905; x_wconf 73' lang='grc' dir='ltr'>ἐπιγράψας</span> <span class='ocrx_word' id='word_1_44' title='bbox 996 1825 1069 1907; x_wconf 84' lang='grc' dir='ltr'>πρὸς</span> <span class='ocrx_word' id='word_1_45' title='bbox 1091 1827 1232 1892; x_wconf 80' lang='grc' dir='ltr'>Βλάστον</span> 
     </span>
     <span class='ocr_line' id='line_1_10' title="bbox 195 1909 1232 1997; baseline 0.006 -24"><span class='ocrx_word' id='word_1_46' title='bbox 195 1911 263 1991; x_wconf 83' lang='grc' dir='ltr'>περὶ</span> <span class='ocrx_word' id='word_1_47' title='bbox 277 1910 451 1992; x_wconf 88' lang='grc' dir='ltr'>σχίσματος·</span> <span class='ocrx_word' id='word_1_48' title='bbox 474 1909 528 1987; x_wconf 80' lang='grc' dir='ltr'><em>τὴν</em></span> <span class='ocrx_word' id='word_1_49' title='bbox 548 1913 580 1972; x_wconf 87' lang='grc' dir='ltr'>δέ</span> <span class='ocrx_word' id='word_1_50' title='bbox 596 1909 669 1991; x_wconf 83' lang='grc' dir='ltr'>πρὸς</span> <span class='ocrx_word' id='word_1_51' title='bbox 683 1915 848 1990; x_wconf 87' lang='grc' dir='ltr'>Φλωρῖυον,</span> <span class='ocrx_word' id='word_1_52' title='bbox 863 1910 930 1990; x_wconf 85' lang='grc' dir='ltr'>περὶ</span> <span class='ocrx_word' id='word_1_53' title='bbox 943 1914 1115 1995; x_wconf 85' lang='grc' dir='ltr'>μοναρχίας,</span> <span class='ocrx_word' id='word_1_54' title='bbox 1131 1911 1150 1992; x_wconf 81' lang='grc' dir='ltr'>ἢ</span> <span class='ocrx_word' id='word_1_55' title='bbox 1165 1916 1232 1997; x_wconf 82' lang='grc' dir='ltr'>περὶ</span> 
     </span>
     <span class='ocr_line' id='line_1_11' title="bbox 195 1995 1229 2082; baseline 0.004 -24"><span class='ocrx_word' id='word_1_56' title='bbox 195 2000 248 2058; x_wconf 78' lang='grc' dir='ltr'><em>τοῦ</em></span> <span class='ocrx_word' id='word_1_57' title='bbox 260 1995 300 2075; x_wconf 77' lang='grc' dir='ltr'><em>μὴ</em></span> <span class='ocrx_word' id='word_1_58' title='bbox 315 1995 391 2058; x_wconf 81' lang='grc' dir='ltr'>εἶναι</span> <span class='ocrx_word' id='word_1_59' title='bbox 405 1995 457 2059; x_wconf 85' lang='grc' dir='ltr'><em>τὸν</em></span> <span class='ocrx_word' id='word_1_60' title='bbox 473 1995 555 2059; x_wconf 83' lang='grc' dir='ltr'>Θεὸν</span> <span class='ocrx_word' id='word_1_61' title='bbox 568 1996 689 2075; x_wconf 76' lang='grc' dir='ltr'>ποιητὴν</span> <span class='ocrx_word' id='word_1_62' title='bbox 705 2001 808 2058; x_wconf 83' lang='grc' dir='ltr'>κακῶν·</span> <span class='ocrx_word' id='word_1_63' title='bbox 831 1996 936 2074; x_wconf 78' lang='grc' dir='ltr'>ταύτης</span> <span class='ocrx_word' id='word_1_64' title='bbox 953 1995 1009 2078; x_wconf 88' lang='grc' dir='ltr'><em>γάρ</em></span> <span class='ocrx_word' id='word_1_65' title='bbox 1029 2023 1075 2061; x_wconf 89' lang='grc' dir='ltr'><em>τοι</em></span> <span class='ocrx_word' id='word_1_66' title='bbox 1089 2003 1140 2078; x_wconf 81' lang='grc' dir='ltr'><em>τῆς</em></span> <span class='ocrx_word' id='word_1_67' title='bbox 1153 2002 1229 2082; x_wconf 79' lang='grc' dir='ltr'>γνά-</span> 
     </span>
     <span class='ocr_line' id='line_1_12' title="bbox 194 2080 1231 2164; baseline 0.001 -15"><span class='ocrx_word' id='word_1_68' title='bbox 194 2107 250 2161; x_wconf 85' lang='grc' dir='ltr'><em>μης</em></span> <span class='ocrx_word' id='word_1_69' title='bbox 263 2083 347 2148; x_wconf 80' lang='grc' dir='ltr'>οὗτος</span> <span class='ocrx_word' id='word_1_70' title='bbox 362 2083 456 2144; x_wconf 86' lang='grc' dir='ltr'>ἐδόκει</span> <span class='ocrx_word' id='word_1_71' title='bbox 464 2084 664 2163; x_wconf 79' lang='grc' dir='ltr'>προασπίζειν·</span> <span class='ocrx_word' id='word_1_72' title='bbox 687 2080 721 2144; x_wconf 85' lang='grc' dir='ltr'><em>δι’</em></span> <span class='ocrx_word' id='word_1_73' title='bbox 733 2081 769 2143; x_wconf 78' lang='grc' dir='ltr'><em>ὃν</em></span> <span class='ocrx_word' id='word_1_74' title='bbox 783 2082 864 2147; x_wconf 78' lang='grc' dir='ltr'>αὖθις</span> <span class='ocrx_word' id='word_1_75' title='bbox 873 2083 1096 2164; x_wconf 80' lang='grc' dir='ltr'>ὑποσυρομένου</span> <span class='ocrx_word' id='word_1_76' title='bbox 1106 2089 1143 2164; x_wconf 76' lang='grc' dir='ltr'><em>τῇ</em></span> <span class='ocrx_word' id='word_1_77' title='bbox 1158 2089 1231 2150; x_wconf 76' lang='grc' dir='ltr'>κατὰ</span> 
     </span>
     <span class='ocr_line' id='line_1_13' title="bbox 196 2166 1231 2257; baseline 0.004 -25"><span class='ocrx_word' id='word_1_78' title='bbox 196 2169 399 2232; x_wconf 84' lang='grc' dir='ltr'>Οίιαλευτῖνου</span> <span class='ocrx_word' id='word_1_79' title='bbox 412 2168 520 2247; x_wconf 84' lang='grc' dir='ltr'>πλάυη,</span> <span class='ocrx_word' id='word_1_80' title='bbox 537 2168 583 2230; x_wconf 79' lang='grc' dir='ltr'>καὶ</span> <span class='ocrx_word' id='word_1_81' title='bbox 602 2168 635 2231; x_wconf 88' lang='grc' dir='ltr'><em>τὸ</em></span> <span class='ocrx_word' id='word_1_82' title='bbox 654 2169 721 2249; x_wconf 85' lang='grc' dir='ltr'>περὶ</span> <span class='ocrx_word' id='word_1_83' title='bbox 737 2166 900 2249; x_wconf 84' lang='grc' dir='ltr'>Ὀγδοάδος</span> <span class='ocrx_word' id='word_1_84' title='bbox 920 2168 1111 2233; x_wconf 75' lang='grc' dir='ltr'>συντάττεται</span> <span class='ocrx_word' id='word_1_85' title='bbox 1125 2175 1165 2257; x_wconf 74' lang='grc' dir='ltr'><em>τῷ</em></span> <span class='ocrx_word' id='word_1_86' title='bbox 1181 2175 1231 2236; x_wconf 80' lang='lat' dir='ltr'><em>Ei-</em></span> 
     </span>
     <span class='ocr_line' id='line_1_14' title="bbox 194 2251 1231 2341; baseline 0.003 -22"><span class='ocrx_word' id='word_1_87' title='bbox 194 2257 303 2341; x_wconf 84' lang='grc' dir='ltr'>ρηυαίῳ</span> <span class='ocrx_word' id='word_1_88' title='bbox 326 2257 512 2334; x_wconf 85' lang='grc' dir='ltr'>σπούδασμα·</span> <span class='ocrx_word' id='word_1_89' title='bbox 548 2256 581 2317; x_wconf 85' lang='grc' dir='ltr'>ἐν</span> <span class='ocrx_word' id='word_1_90' title='bbox 604 2251 626 2339; x_wconf 77' lang='grc' dir='ltr'><em>ᾤ</em></span> <span class='ocrx_word' id='word_1_91' title='bbox 653 2254 699 2316; x_wconf 82' lang='grc' dir='ltr'>καὶ</span> <span class='ocrx_word' id='word_1_92' title='bbox 715 2255 935 2332; x_wconf 79' lang='grc' dir='ltr'>ἐπισημαίνεται</span> <span class='ocrx_word' id='word_1_93' title='bbox 958 2255 1011 2333; x_wconf 76' lang='grc' dir='ltr'><em>τὴν</em></span> <span class='ocrx_word' id='word_1_94' title='bbox 1031 2256 1150 2338; x_wconf 81' lang='grc' dir='ltr'>πρῶτηυ</span> <span class='ocrx_word' id='word_1_95' title='bbox 1172 2264 1231 2322; x_wconf 79' lang='grc' dir='ltr'><em>τῶν</em></span> 
     </span>
     <span class='ocr_line' id='line_1_15' title="bbox 194 2339 1228 2426; baseline 0.001 -20"><span class='ocrx_word' id='word_1_96' title='bbox 194 2343 372 2406; x_wconf 78' lang='grc' dir='ltr'>ἀποστόλων</span> <span class='ocrx_word' id='word_1_97' title='bbox 394 2339 602 2421; x_wconf 77' lang='grc' dir='ltr'>κατειληφέναι</span> <span class='ocrx_word' id='word_1_98' title='bbox 617 2339 720 2402; x_wconf 85' lang='grc' dir='ltr'>ἐαυτὸν</span> <span class='ocrx_word' id='word_1_99' title='bbox 735 2339 1014 2422; x_wconf 54' lang='lat' dir='ltr'><em>siaonia—’Emi</em></span> <span class='ocrx_word' id='word_1_100' title='bbox 1033 2367 1069 2423; x_wconf 96' lang='grc' dir='ltr'><em>γε</em></span> <span class='ocrx_word' id='word_1_101' title='bbox 1082 2342 1143 2421; x_wconf 77' lang='grc' dir='ltr'><em>μὴν</em></span> <span class='ocrx_word' id='word_1_102' title='bbox 1156 2369 1228 2426; x_wconf 84' lang='grc' dir='ltr'>προ·</span> 
     </span>
     <span class='ocr_line' id='line_1_16' title="bbox 194 2427 1229 2510; baseline 0.006 -19"><span class='ocrx_word' id='word_1_103' title='bbox 194 2428 348 2510; x_wconf 83' lang='grc' dir='ltr'>ειρήκαμεν</span> <span class='ocrx_word' id='word_1_104' title='bbox 366 2428 438 2509; x_wconf 85' lang='grc' dir='ltr'>πρὸς</span> <span class='ocrx_word' id='word_1_105' title='bbox 456 2427 508 2491; x_wconf 87' lang='grc' dir='ltr'><em>τὸν</em></span> <span class='ocrx_word' id='word_1_106' title='bbox 523 2431 678 2507; x_wconf 82' lang='grc' dir='ltr'>Φλορῖνον</span> <span class='ocrx_word' id='word_1_107' title='bbox 700 2427 715 2487; x_wconf 87' lang='grc' dir='ltr'>ὁ</span> <span class='ocrx_word' id='word_1_108' title='bbox 738 2427 893 2506; x_wconf 85' lang='grc' dir='ltr'>Είρηναῐος</span> <span class='ocrx_word' id='word_1_109' title='bbox 915 2428 1058 2507; x_wconf 89' lang='grc' dir='ltr'>ἐπιστολῇ</span> <span class='ocrx_word' id='word_1_110' title='bbox 1080 2429 1163 2495; x_wconf 79' lang='grc' dir='ltr'>αὖθις</span> <span class='ocrx_word' id='word_1_111' title='bbox 1179 2433 1229 2509; x_wconf 80' lang='grc' dir='ltr'><em>τῆς</em></span> 
     </span>
     <span class='ocr_line' id='line_1_17' title="bbox 191 2511 1228 2598; baseline 0.003 -21"><span class='ocrx_word' id='word_1_112' title='bbox 191 2511 253 2594; x_wconf 80' lang='grc' dir='ltr'>ἅμα</span> <span class='ocrx_word' id='word_1_113' title='bbox 273 2512 459 2598; x_wconf 80' lang='grc' dir='ltr'>Πολυκάρπῳ</span> <span class='ocrx_word' id='word_1_114' title='bbox 477 2514 637 2578; x_wconf 79' lang='grc' dir='ltr'>συνουσίας</span> <span class='ocrx_word' id='word_1_115' title='bbox 655 2512 744 2575; x_wconf 68' lang='lat' dir='ltr'><em>circi</em></span> <span class='ocrx_word' id='word_1_116' title='bbox 762 2513 937 2591; x_wconf 81' lang='grc' dir='ltr'>μνημονεύει</span> <span class='ocrx_word' id='word_1_117' title='bbox 957 2513 1067 2595; x_wconf 79' lang='grc' dir='ltr'>λέγων·</span> <span class='ocrx_word' id='word_1_118' title='bbox 1091 2519 1228 2580; x_wconf 82' lang='grc' dir='ltr'>ΤΑΎΤΑ</span> 
     </span>
     <span class='ocr_line' id='line_1_18' title="bbox 188 2597 1228 2686; baseline 0.001 -23"><span class='ocrx_word' id='word_1_119' title='bbox 188 2604 225 2663; x_wconf 79' lang='grc' dir='ltr'><em>τὰ</em></span> <span class='ocrx_word' id='word_1_120' title='bbox 247 2601 388 2681; x_wconf 80' lang='grc' dir='ltr'>δόγματα,</span> <span class='ocrx_word' id='word_1_121' title='bbox 411 2605 556 2681; x_wconf 84' lang='grc' dir='ltr'>Φλωρῖνε,</span> <span class='ocrx_word' id='word_1_122' title='bbox 574 2599 629 2662; x_wconf 77' lang='lat' dir='ltr'><em>&amp;o</em></span> <span class='ocrx_word' id='word_1_123' title='bbox 667 2597 829 2660; x_wconf 81' lang='lat' dir='ltr'><em>Adversus</em></span> <span class='ocrx_word' id='word_1_124' title='bbox 849 2607 952 2661; x_wconf 86' lang='lat' dir='ltr'><em>autern</em></span> <span class='ocrx_word' id='word_1_125' title='bbox 971 2599 1040 2662; x_wconf 82' lang='grc' dir='ltr'>ν’ίίοο</span> <span class='ocrx_word' id='word_1_126' title='bbox 1056 2602 1112 2686; x_wconf 83' lang='lat' dir='ltr'><em>qui</em></span> <span class='ocrx_word' id='word_1_127' title='bbox 1129 2602 1228 2666; x_wconf 83' lang='lat' dir='ltr'><em>sinee-</em></span> 
     </span>
     <span class='ocr_line' id='line_1_19' title="bbox 185 2685 1226 2774; baseline 0.005 -28"><span class='ocrx_word' id='word_1_128' title='bbox 185 2706 257 2747; x_wconf 80' lang='lat' dir='ltr'><em>rani</em></span> <span class='ocrx_word' id='word_1_129' title='bbox 273 2686 405 2748; x_wconf 80' lang='lat' dir='ltr'><em>ecelesia</em></span> <span class='ocrx_word' id='word_1_130' title='bbox 418 2686 516 2770; x_wconf 83' lang='lat' dir='ltr'><em>tegern</em></span> <span class='ocrx_word' id='word_1_131' title='bbox 530 2685 762 2760; x_wconf 73' lang='lat' dir='ltr'><em>adulterabant,</em></span> <span class='ocrx_word' id='word_1_132' title='bbox 778 2685 921 2746; x_wconf 82' lang='lat' dir='ltr'><em>Irenaens</em></span> <span class='ocrx_word' id='word_1_133' title='bbox 941 2687 1052 2748; x_wconf 85' lang='lat' dir='ltr'><em>varias</em></span> <span class='ocrx_word' id='word_1_134' title='bbox 1066 2689 1226 2774; x_wconf 78' lang='lat' dir='ltr'><em>cornerip-</em></span> 
     </span>
    </p>

    <p class='ocr_par' dir='ltr' id='par_1_6' title="bbox 166 2769 1226 4058">
     <span class='ocr_line' id='line_1_20' title="bbox 166 2769 1225 2858; baseline 0.006 -26"><span class='ocrx_word' id='word_1_135' title='bbox 166 2772 230 2833; x_wconf 84' lang='lat' dir='ltr'><em>·sit</em></span> <span class='ocrx_word' id='word_1_136' title='bbox 254 2770 410 2854; x_wconf 81' lang='lat' dir='ltr'><em>epistolas.</em></span> <span class='ocrx_word' id='word_1_137' title='bbox 455 2770 597 2832; x_wconf 77' lang='lat' dir='ltr'><em>Alteram</em></span> <span class='ocrx_word' id='word_1_138' title='bbox 626 2769 670 2832; x_wconf 91' lang='lat' dir='ltr'><em>ad</em></span> <span class='ocrx_word' id='word_1_139' title='bbox 698 2770 846 2833; x_wconf 82' lang='lat' dir='ltr'><em>Blastnm</em></span> <span class='ocrx_word' id='word_1_140' title='bbox 874 2791 968 2856; x_wconf 86' lang='lat' dir='ltr'><em>qnam</em></span> <span class='ocrx_word' id='word_1_141' title='bbox 995 2772 1161 2858; x_wconf 71' lang='lat' dir='ltr'><em>inscripsit</em></span> <span class='ocrx_word' id='word_1_142' title='bbox 1188 2775 1225 2838; x_wconf 88' lang='lat' dir='ltr'><em>de</em></span> 
     </span>
     <span class='ocr_line' id='line_1_21' title="bbox 185 2854 1226 2946; baseline 0.002 -27"><span class='ocrx_word' id='word_1_143' title='bbox 185 2854 384 2930; x_wconf 76' lang='lat' dir='ltr'><em>Sciisnote3</em></span> <span class='ocrx_word' id='word_1_144' title='bbox 407 2855 536 2917; x_wconf 84' lang='lat' dir='ltr'><em>atteram</em></span> <span class='ocrx_word' id='word_1_145' title='bbox 551 2854 595 2917; x_wconf 91' lang='lat' dir='ltr'><em>ad</em></span> <span class='ocrx_word' id='word_1_146' title='bbox 609 2855 779 2918; x_wconf 85' lang='lat' dir='ltr'><em>Florinnrn</em></span> <span class='ocrx_word' id='word_1_147' title='bbox 793 2856 831 2919; x_wconf 92' lang='lat' dir='ltr'><em>de</em></span> <span class='ocrx_word' id='word_1_148' title='bbox 848 2857 1050 2934; x_wconf 76' lang='grc' dir='ltr'>Μουονοίιία,</span> <span class='ocrx_word' id='word_1_149' title='bbox 1071 2879 1127 2921; x_wconf 85' lang='lat' dir='ltr'><em>sen</em></span> <span class='ocrx_word' id='word_1_150' title='bbox 1144 2861 1226 2946; x_wconf 72' lang='lat' dir='ltr'><em>prad</em></span> 
     </span>
     <span class='ocr_line' id='line_1_22' title="bbox 184 2939 1225 3030; baseline 0.005 -26"><span class='ocrx_word' id='word_1_151' title='bbox 184 2942 275 3004; x_wconf 87' lang='lat' dir='ltr'><em>Dens</em></span> <span class='ocrx_word' id='word_1_152' title='bbox 289 2962 352 3003; x_wconf 92' lang='lat' dir='ltr'><em>non</em></span> <span class='ocrx_word' id='word_1_153' title='bbox 366 2941 410 3003; x_wconf 81' lang='lat' dir='ltr'><em>sit</em></span> <span class='ocrx_word' id='word_1_154' title='bbox 422 2939 563 3002; x_wconf 91' lang='lat' dir='ltr'><em>eonditor</em></span> <span class='ocrx_word' id='word_1_155' title='bbox 577 2941 740 3005; x_wconf 82' lang='grc' dir='ltr'>πιοίονιιιιι.</span> <span class='ocrx_word' id='word_1_156' title='bbox 776 2943 862 3004; x_wconf 87' lang='grc' dir='ltr'>Εαοι</span> <span class='ocrx_word' id='word_1_157' title='bbox 880 2944 963 3005; x_wconf 88' lang='lat' dir='ltr'><em>enin</em></span> <span class='ocrx_word' id='word_1_158' title='bbox 981 2944 1160 3030; x_wconf 75' lang='lat' dir='ltr'><em>opinionem</em></span> <span class='ocrx_word' id='word_1_159' title='bbox 1173 2946 1225 3010; x_wconf 75' lang='lat' dir='ltr'><em>tte</em></span> 
     </span>
     <span class='ocr_line' id='line_1_23' title="bbox 184 3026 1223 3114; baseline 0.005 -24"><span class='ocrx_word' id='word_1_160' title='bbox 184 3026 348 3112; x_wconf 71' lang='lat' dir='ltr'><em>defendere</em></span> <span class='ocrx_word' id='word_1_161' title='bbox 362 3026 536 3089; x_wconf 83' lang='lat' dir='ltr'><em>videbatur.</em></span> <span class='ocrx_word' id='word_1_162' title='bbox 576 3027 639 3100; x_wconf 87' lang='lat' dir='ltr'><em>Qni</em></span> <span class='ocrx_word' id='word_1_163' title='bbox 655 3048 724 3090; x_wconf 84' lang='lat' dir='ltr'><em>enne</em></span> <span class='ocrx_word' id='word_1_164' title='bbox 732 3037 845 3114; x_wconf 82' lang='lat' dir='ltr'><em>postea</em></span> <span class='ocrx_word' id='word_1_165' title='bbox 858 3030 894 3090; x_wconf 92' lang='lat' dir='ltr'><em>in</em></span> <span class='ocrx_word' id='word_1_166' title='bbox 908 3050 1045 3093; x_wconf 85' lang='lat' dir='ltr'><em>errorem</em></span> <span class='ocrx_word' id='word_1_167' title='bbox 1065 3031 1223 3095; x_wconf 77' lang='lat' dir='ltr'><em>Valentini</em></span> 
     </span>
     <span class='ocr_line' id='line_1_24' title="bbox 183 3113 1223 3202; baseline 0.006 -26"><span class='ocrx_word' id='word_1_168' title='bbox 183 3113 331 3200; x_wconf 81' lang='lat' dir='ltr'><em>abreptae</em></span> <span class='ocrx_word' id='word_1_169' title='bbox 341 3113 478 3198; x_wconf 74' lang='lat' dir='ltr'><em>ficisset,</em></span> <span class='ocrx_word' id='word_1_170' title='bbox 504 3113 618 3176; x_wconf 79' lang='lat' dir='ltr'><em>iteruin</em></span> <span class='ocrx_word' id='word_1_171' title='bbox 642 3115 785 3177; x_wconf 85' lang='lat' dir='ltr'><em>Irenaeas</em></span> <span class='ocrx_word' id='word_1_172' title='bbox 812 3116 880 3202; x_wconf 83' lang='lat' dir='ltr'><em>ejus</em></span> <span class='ocrx_word' id='word_1_173' title='bbox 901 3117 1018 3201; x_wconf 75' lang='lat' dir='ltr'><em>gratia</em></span> <span class='ocrx_word' id='word_1_174' title='bbox 1043 3116 1160 3180; x_wconf 86' lang='lat' dir='ltr'><em>tibrum</em></span> <span class='ocrx_word' id='word_1_175' title='bbox 1185 3119 1223 3182; x_wconf 85' lang='lat' dir='ltr'><em>de</em></span> 
     </span>
     <span class='ocr_line' id='line_1_25' title="bbox 184 3200 1221 3290; baseline 0.003 -26"><span class='ocrx_word' id='word_1_176' title='bbox 184 3201 351 3264; x_wconf 91' lang='lat' dir='ltr'><em>Oetonario</em></span> <span class='ocrx_word' id='word_1_177' title='bbox 369 3200 549 3286; x_wconf 83' lang='lat' dir='ltr'><em>conposuit.</em></span> <span class='ocrx_word' id='word_1_178' title='bbox 587 3201 629 3262; x_wconf 93' lang='lat' dir='ltr'><em>In</em></span> <span class='ocrx_word' id='word_1_179' title='bbox 642 3223 705 3287; x_wconf 87' lang='lat' dir='ltr'><em>qno</em></span> <span class='ocrx_word' id='word_1_180' title='bbox 726 3202 820 3263; x_wconf 83' lang='lat' dir='ltr'><em>etiarn</em></span> <span class='ocrx_word' id='word_1_181' title='bbox 835 3201 915 3264; x_wconf 81' lang='lat' dir='ltr'><em>libro</em></span> <span class='ocrx_word' id='word_1_182' title='bbox 927 3204 1071 3286; x_wconf 84' lang='lat' dir='ltr'><em>prirnarn</em></span> <span class='ocrx_word' id='word_1_183' title='bbox 1089 3223 1122 3266; x_wconf 85' lang='lat' dir='ltr'><em>se</em></span> <span class='ocrx_word' id='word_1_184' title='bbox 1144 3225 1221 3290; x_wconf 89' lang='lat' dir='ltr'><em>apo·</em></span> 
     </span>
     <span class='ocr_line' id='line_1_26' title="bbox 180 3287 1222 3374; baseline 0.003 -24"><span class='ocrx_word' id='word_1_185' title='bbox 180 3288 328 3350; x_wconf 77' lang='grc' dir='ltr'>οίοίοναιιι</span> <span class='ocrx_word' id='word_1_186' title='bbox 349 3287 568 3349; x_wconf 81' lang='lat' dir='ltr'><em>successionem</em></span> <span class='ocrx_word' id='word_1_187' title='bbox 593 3288 763 3373; x_wconf 73' lang='lat' dir='ltr'><em>contigisse</em></span> <span class='ocrx_word' id='word_1_188' title='bbox 784 3288 1105 3374; x_wconf 79' lang='lat' dir='ltr'><em>signifieat-Porro</em></span> <span class='ocrx_word' id='word_1_189' title='bbox 1127 3291 1163 3352; x_wconf 94' lang='lat' dir='ltr'><em>in</em></span> <span class='ocrx_word' id='word_1_190' title='bbox 1184 3311 1222 3353; x_wconf 89' lang='lat' dir='ltr'><em>ea</em></span> 
     </span>
     <span class='ocr_line' id='line_1_27' title="bbox 181 3373 1222 3460; baseline 0.005 -26"><span class='ocrx_word' id='word_1_191' title='bbox 181 3373 223 3434; x_wconf 95' lang='lat' dir='ltr'><em>ad</em></span> <span class='ocrx_word' id='word_1_192' title='bbox 244 3374 413 3436; x_wconf 86' lang='lat' dir='ltr'><em>Florinnrn</em></span> <span class='ocrx_word' id='word_1_193' title='bbox 434 3373 582 3458; x_wconf 74' lang='lat' dir='ltr'><em>Epistola</em></span> <span class='ocrx_word' id='word_1_194' title='bbox 603 3373 640 3435; x_wconf 89' lang='lat' dir='ltr'><em>de</em></span> <span class='ocrx_word' id='word_1_195' title='bbox 661 3395 724 3458; x_wconf 82' lang='lat' dir='ltr'><em>qna</em></span> <span class='ocrx_word' id='word_1_196' title='bbox 734 3374 810 3457; x_wconf 81' lang='lat' dir='ltr'><em>jani</em></span> <span class='ocrx_word' id='word_1_197' title='bbox 827 3375 924 3460; x_wconf 86' lang='lat' dir='ltr'><em>prins</em></span> <span class='ocrx_word' id='word_1_198' title='bbox 945 3374 1026 3451; x_wconf 81' lang='lat' dir='ltr'><em>dici,</em></span> <span class='ocrx_word' id='word_1_199' title='bbox 1048 3375 1131 3438; x_wconf 84' lang='lat' dir='ltr'><em>idem</em></span> <span class='ocrx_word' id='word_1_200' title='bbox 1153 3378 1222 3439; x_wconf 89' lang='lat' dir='ltr'><em>Ire-</em></span> 
     </span>
     <span class='ocr_line' id='line_1_28' title="bbox 181 3459 1221 3548; baseline 0.007 -28"><span class='ocrx_word' id='word_1_201' title='bbox 181 3480 269 3522; x_wconf 73' lang='grc' dir='ltr'>παυς</span> <span class='ocrx_word' id='word_1_202' title='bbox 288 3480 320 3522; x_wconf 84' lang='lat' dir='ltr'><em>se</em></span> <span class='ocrx_word' id='word_1_203' title='bbox 338 3481 408 3522; x_wconf 88' lang='lat' dir='ltr'><em>curn</em></span> <span class='ocrx_word' id='word_1_204' title='bbox 424 3460 602 3544; x_wconf 73' lang='lat' dir='ltr'><em>Polycarpo</em></span> <span class='ocrx_word' id='word_1_205' title='bbox 609 3459 828 3543; x_wconf 79' lang='lat' dir='ltr'><em>fitnitioriter</em></span> <span class='ocrx_word' id='word_1_206' title='bbox 850 3481 914 3522; x_wconf 86' lang='lat' dir='ltr'><em>esse</em></span> <span class='ocrx_word' id='word_1_207' title='bbox 933 3469 1093 3524; x_wconf 74' lang='lat' dir='ltr'><em>versutiam</em></span> <span class='ocrx_word' id='word_1_208' title='bbox 1109 3462 1221 3548; x_wconf 91' lang='lat' dir='ltr'><em>prodit</em></span> 
     </span>
     <span class='ocr_line' id='line_1_29' title="bbox 180 3543 1221 3630; baseline 0.005 -23"><span class='ocrx_word' id='word_1_209' title='bbox 180 3543 231 3608; x_wconf 77' lang='lat' dir='ltr'><em>hie</em></span> <span class='ocrx_word' id='word_1_210' title='bbox 245 3544 368 3618; x_wconf 73' lang='grc' dir='ltr'>υινίιὶος</span> <span class='ocrx_word' id='word_1_211' title='bbox 393 3545 503 3608; x_wconf 85' lang='lat' dir='ltr'><em>HAEC</em></span> <span class='ocrx_word' id='word_1_212' title='bbox 519 3567 593 3608; x_wconf 87' lang='lat' dir='ltr'><em>vero</em></span> <span class='ocrx_word' id='word_1_213' title='bbox 607 3544 764 3630; x_wconf 87' lang='lat' dir='ltr'><em>dogmata,</em></span> <span class='ocrx_word' id='word_1_214' title='bbox 780 3544 916 3624; x_wconf 89' lang='lat' dir='ltr'><em>Florine‚</em></span> <span class='ocrx_word' id='word_1_215' title='bbox 933 3549 985 3610; x_wconf 75' lang='lat' dir='ltr'><em>&amp;a</em></span> <span class='ocrx_word' id='word_1_216' title='bbox 1024 3547 1075 3609; x_wconf 88' lang='lat' dir='ltr'><em>De</em></span> <span class='ocrx_word' id='word_1_217' title='bbox 1091 3546 1221 3612; x_wconf 89' lang='lat' dir='ltr'><em>Florino</em></span> 
     </span>
     <span class='ocr_line' id='line_1_30' title="bbox 182 3630 1220 3718; baseline 0.005 -25"><span class='ocrx_word' id='word_1_218' title='bbox 182 3643 214 3693; x_wconf 85' lang='lat' dir='ltr'><em>et</em></span> <span class='ocrx_word' id='word_1_219' title='bbox 232 3630 339 3693; x_wconf 89' lang='lat' dir='ltr'><em>Blasto</em></span> <span class='ocrx_word' id='word_1_220' title='bbox 358 3631 425 3694; x_wconf 86' lang='lat' dir='ltr'><em>haec</em></span> <span class='ocrx_word' id='word_1_221' title='bbox 443 3630 530 3717; x_wconf 91' lang='lat' dir='ltr'><em>prius</em></span> <span class='ocrx_word' id='word_1_222' title='bbox 545 3631 707 3717; x_wconf 83' lang='lat' dir='ltr'><em>scripserat</em></span> <span class='ocrx_word' id='word_1_223' title='bbox 720 3631 820 3717; x_wconf 87' lang='lat' dir='ltr'><em>capite</em></span> <span class='ocrx_word' id='word_1_224' title='bbox 839 3648 887 3718; x_wconf 83' lang='lat'><em>15.</em></span> <span class='ocrx_word' id='word_1_225' title='bbox 904 3632 1073 3709; x_wconf 85' lang='lat' dir='ltr'><em>Eusebius,</em></span> <span class='ocrx_word' id='word_1_226' title='bbox 1089 3632 1155 3697; x_wconf 84' lang='grc' dir='ltr'>Οίδ’</span> <span class='ocrx_word' id='word_1_227' title='bbox 1172 3635 1220 3698; x_wconf 82' lang='grc' dir='ltr'>ἐπὶ</span> 
     </span>
     <span class='ocr_line' id='line_1_31' title="bbox 181 3713 1219 3801; baseline 0.006 -22"><span class='ocrx_word' id='word_1_228' title='bbox 181 3713 291 3796; x_wconf 78' lang='grc' dir='ltr'>Ῥώμης</span> <span class='ocrx_word' id='word_1_229' title='bbox 309 3716 445 3796; x_wconf 74' lang='grc' dir='ltr'>ἤκμαζον,</span> <span class='ocrx_word' id='word_1_230' title='bbox 465 3719 506 3779; x_wconf 88' lang='grc' dir='ltr'><em>ὧν</em></span> <span class='ocrx_word' id='word_1_231' title='bbox 527 3718 626 3799; x_wconf 83' lang='grc' dir='ltr'>ἡγεῖτο</span> <span class='ocrx_word' id='word_1_232' title='bbox 648 3721 810 3800; x_wconf 87' lang='grc' dir='ltr'>Φλωρίνος,</span> <span class='ocrx_word' id='word_1_233' title='bbox 826 3718 1039 3801; x_wconf 82' lang='grc' dir='ltr'>πρεσβυτερίου</span> <span class='ocrx_word' id='word_1_234' title='bbox 1061 3720 1219 3799; x_wconf 80' lang='grc' dir='ltr'>ἐκκλησίας</span> 
     </span>
     <span class='ocr_line' id='line_1_32' title="bbox 181 3802 1219 3890; baseline 0.003 -24"><span class='ocrx_word' id='word_1_235' title='bbox 181 3802 351 3866; x_wconf 81' lang='grc' dir='ltr'>άποπεσῶν.</span> <span class='ocrx_word' id='word_1_236' title='bbox 387 3805 523 3869; x_wconf 88' lang='grc' dir='ltr'>Βλαστός</span> <span class='ocrx_word' id='word_1_237' title='bbox 541 3829 574 3866; x_wconf 90' lang='grc' dir='ltr'><em>τε</em></span> <span class='ocrx_word' id='word_1_238' title='bbox 594 3804 650 3868; x_wconf 81' lang='grc' dir='ltr'><em>σὺν</em></span> <span class='ocrx_word' id='word_1_239' title='bbox 669 3806 761 3890; x_wconf 78' lang='grc' dir='ltr'>τούτῳ</span> <span class='ocrx_word' id='word_1_240' title='bbox 780 3805 976 3886; x_wconf 85' lang='grc' dir='ltr'>παραπλησίω</span> <span class='ocrx_word' id='word_1_241' title='bbox 989 3806 1121 3883; x_wconf 81' lang='grc' dir='ltr'>πτώματι</span> <span class='ocrx_word' id='word_1_242' title='bbox 1137 3831 1219 3869; x_wconf 90' lang='grc' dir='ltr'>κατε-</span> 
     </span>
     <span class='ocr_line' id='line_1_33' title="bbox 181 3869 1216 3972; baseline 0.003 -21"><span class='ocrx_word' id='word_1_243' title='bbox 181 3886 338 3970; x_wconf 83' lang='grc' dir='ltr'>σχήμενος·</span> <span class='ocrx_word' id='word_1_244' title='bbox 364 3888 393 3951; x_wconf 85' lang='lat' dir='ltr'><em>ot</em></span> <span class='ocrx_word' id='word_1_245' title='bbox 419 3888 464 3951; x_wconf 83' lang='grc' dir='ltr'>καὶ</span> <span class='ocrx_word' id='word_1_246' title='bbox 490 3891 610 3956; x_wconf 88' lang='grc' dir='ltr'>πλείους</span> <span class='ocrx_word' id='word_1_247' title='bbox 634 3893 684 3968; x_wconf 77' lang='grc' dir='ltr'><em>τῆς</em></span> <span class='ocrx_word' id='word_1_248' title='bbox 709 3893 865 3970; x_wconf 81' lang='grc' dir='ltr'>ἐκκλησίας</span> <span class='ocrx_word' id='word_1_249' title='bbox 885 3869 1089 3972; x_wconf 85' lang='grc' dir='ltr'>περιέλκουτες</span> <span class='ocrx_word' id='word_1_250' title='bbox 1112 3891 1162 3953; x_wconf 83' lang='grc' dir='ltr'>ἐπὶ</span> <span class='ocrx_word' id='word_1_251' title='bbox 1182 3891 1216 3954; x_wconf 79' lang='grc' dir='ltr'><em>τὸ</em></span> 
     </span>
     <span class='ocr_line' id='line_1_34' title="bbox 181 3975 1215 4058; baseline 0.003 -22"><span class='ocrx_word' id='word_1_252' title='bbox 181 3980 268 4056; x_wconf 86' lang='grc' dir='ltr'><em>σφῶν</em></span> <span class='ocrx_word' id='word_1_253' title='bbox 289 3976 403 4056; x_wconf 77' lang='grc' dir='ltr'>ὑπῆγον</span> <span class='ocrx_word' id='word_1_254' title='bbox 424 3977 571 4055; x_wconf 81' lang='grc' dir='ltr'>βούλημα·</span> <span class='ocrx_word' id='word_1_255' title='bbox 591 3975 712 4057; x_wconf 84' lang='grc' dir='ltr'>θάτερος</span> <span class='ocrx_word' id='word_1_256' title='bbox 732 3979 808 4043; x_wconf 83' lang='grc' dir='ltr'>ἰδίως</span> <span class='ocrx_word' id='word_1_257' title='bbox 827 3978 894 4058; x_wconf 75' lang='grc' dir='ltr'>περὶ</span> <span class='ocrx_word' id='word_1_258' title='bbox 912 3976 966 4054; x_wconf 80' lang='grc' dir='ltr'><em>τὴν</em></span> <span class='ocrx_word' id='word_1_259' title='bbox 986 3977 1129 4055; x_wconf 84' lang='grc' dir='ltr'>άληθείαυ</span> <span class='ocrx_word' id='word_1_260' title='bbox 1144 4000 1215 4040; x_wconf 86' lang='grc' dir='ltr'>υεω-</span> 
     </span>
    </p>
   </div>
   <div class='ocr_carea' id='block_1_6' title="bbox 178 4060 1216 4297">
    <p class='ocr_par' dir='ltr' id='par_1_7' title="bbox 178 4060 1216 4297">
     <span class='ocr_line' id='line_1_35' title="bbox 179 4060 1216 4147; baseline 0.003 -24"><span class='ocrx_word' id='word_1_261' title='bbox 179 4063 300 4142; x_wconf 77' lang='grc' dir='ltr'>τερίζειν</span> <span class='ocrx_word' id='word_1_262' title='bbox 318 4061 504 4142; x_wconf 79' lang='grc' dir='ltr'>πειρώμενος.</span> <span class='ocrx_word' id='word_1_263' title='bbox 543 4064 591 4125; x_wconf 90' lang='lat' dir='ltr'><em>At</em></span> <span class='ocrx_word' id='word_1_264' title='bbox 608 4085 683 4125; x_wconf 90' lang='lat' dir='ltr'><em>vero</em></span> <span class='ocrx_word' id='word_1_265' title='bbox 703 4061 844 4125; x_wconf 85' lang='lat' dir='ltr'><em>Blastum</em></span> <span class='ocrx_word' id='word_1_266' title='bbox 864 4074 992 4147; x_wconf 86' lang='lat' dir='ltr'><em>propter</em></span> <span class='ocrx_word' id='word_1_267' title='bbox 1011 4060 1216 4146; x_wconf 84' lang='lat' dir='ltr'><em>quaestionem</em></span> 
     </span>
     <span class='ocr_line' id='line_1_36' title="bbox 178 4145 1214 4297; baseline 0.002 -89"><span class='ocrx_word' id='word_1_268' title='bbox 178 4145 217 4208; x_wconf 91' lang='lat' dir='ltr'><em>de</em></span> <span class='ocrx_word' id='word_1_269' title='bbox 234 4146 357 4233; x_wconf 84' lang='lat' dir='ltr'><em>paschae</em></span> <span class='ocrx_word' id='word_1_270' title='bbox 377 4160 516 4232; x_wconf 85' lang='lat' dir='ltr'><em>tempore</em></span> <span class='ocrx_word' id='word_1_271' title='bbox 531 4161 630 4211; x_wconf 87' lang='lat' dir='ltr'><em>ortam</em></span> <span class='ocrx_word' id='word_1_272' title='bbox 654 4147 824 4212; x_wconf 84' lang='lat' dir='ltr'><em>schismatis</em></span> <span class='ocrx_word' id='word_1_273' title='bbox 841 4147 946 4234; x_wconf 90' lang='lat' dir='ltr'><em>potius</em></span> <span class='ocrx_word' id='word_1_274' title='bbox 957 4170 1058 4297; x_wconf 64' lang='grc' dir='ltr'><em>1ιριιιαι</em></span> <span class='ocrx_word' id='word_1_275' title='bbox 1078 4147 1214 4227; x_wconf 87' lang='lat' dir='ltr'><em>haeresis,</em></span> 
     </span>
    </p>
   </div>
   <div class='ocr_carea' id='block_1_7' title="bbox 177 4230 1214 4322">
    <p class='ocr_par' dir='ltr' id='par_1_8' title="bbox 177 4230 1214 4322">
     <span class='ocr_line' id='line_1_37' title="bbox 177 4230 1214 4322; baseline 0.004 -27"><span class='ocrx_word' id='word_1_276' title='bbox 177 4253 266 4296; x_wconf 89' lang='lat' dir='ltr'><em>reum</em></span> <span class='ocrx_word' id='word_1_277' title='bbox 279 4230 384 4314; x_wconf 78' lang='lat' dir='ltr'><em>fuisse,</em></span> <span class='ocrx_word' id='word_1_278' title='bbox 395 4232 530 4297; x_wconf 84' lang='lat' dir='ltr'><em>ostendit</em></span> <span class='ocrx_word' id='word_1_279' title='bbox 543 4234 644 4322; x_wconf 86' lang='lat' dir='ltr'><em>capite</em></span> <span class='ocrx_word' id='word_1_280' title='bbox 659 4234 768 4299; x_wconf 91' lang='lat' dir='ltr'><em>ultimo</em></span> <span class='ocrx_word' id='word_1_281' title='bbox 778 4247 885 4299; x_wconf 87' lang='lat' dir='ltr'><em>auctor</em></span> <span class='ocrx_word' id='word_1_282' title='bbox 895 4233 957 4298; x_wconf 90' lang='lat' dir='ltr'><em>libe</em></span> <span class='ocrx_word' id='word_1_283' title='bbox 980 4233 990 4297; x_wconf 92' lang='lat' dir='ltr'><em>i</em></span> <span class='ocrx_word' id='word_1_284' title='bbox 1004 4234 1126 4299; x_wconf 85' lang='lat' dir='ltr'><em>Contra</em></span> <span class='ocrx_word' id='word_1_285' title='bbox 1136 4236 1214 4299; x_wconf 73' lang='lat' dir='ltr'><em>Ha</em></span> 
     </span>
    </p>
   </div>
   <div class='ocr_carea' id='block_1_8' title="bbox 0 0 1344 4830">
    <p class='ocr_par' dir='ltr' id='par_1_9' title="bbox 0 0 1344 4830">
     <span class='ocr_line' id='line_1_38' title="bbox 0 0 1344 4830; baseline 0 6"><span class='ocrx_word' id='word_1_286' title='bbox 0 0 1344 4830; x_wconf 95' lang='lat' dir='ltr'><em> </em></span> 
     </span>
    </p>
   </div>
  </div>
 </body>
</html>
