2678 4830
138 301 202 364 104
490 299 831 364 TERTULLIANI

137 496 203 571 per
224 495 309 542 eum
333 469 464 541 faceret
487 469 696 568 exemplum
714 481 894 568 praecepto
912 495 988 555 suo,
1007 493 1079 564 quo
1097 494 1185 540 mox

138 598 382 685 praecepturus
410 595 495 673 erat,
521 610 639 680 neque
668 585 819 683 pignora
849 584 931 656 Deo
958 583 1092 656 cariora
1121 584 1186 654 ha-

140 700 268 775 benda.
317 699 401 798 Ipse
419 726 440 772 a
456 698 601 771 diabolo
618 712 787 789 tentatus,
804 700 993 799 praesidem
1015 711 1052 771 et
1076 699 1186 771 artifi-

139 844 219 891 cem
238 815 445 890 tentationis
463 814 732 889 demonstravit.
785 815 898 888 Hunc
923 816 1043 888 locum
1067 827 1188 913 poste-

138 932 290 1006 rioribus
333 933 550 1004 confirmat:
591 930 716 1021 Orate,
751 930 885 1018 dicens,
919 957 965 1003 nc
997 932 1212 1016 tenteminis

142 1048 248 1146 (Luc.
265 1045 354 1119 xxii.
373 1044 462 1141 46.).
497 1045 600 1118 Adeo
618 1046 745 1119 tentati
763 1059 848 1119 sunt
863 1047 1068 1119 Dominum
1087 1046 1188 1120 dese-

141 1161 264 1249 rendo,
282 1162 344 1258 qui
362 1187 490 1234 somno
507 1160 627 1260 potius
648 1161 879 1250 indulserant,
896 1188 1005 1259 quam
1024 1162 1186 1235 orationi.

139 1278 198 1351 Eo
215 1275 406 1375 respondet
424 1276 595 1364 clausula,
614 1275 851 1374 interpretans
868 1277 954 1374 quid
973 1277 1030 1365 sit,
1044 1276 1105 1350 Ne
1122 1302 1187 1350 uns

142 1392 300 1466 deducas
316 1394 354 1465 in
370 1393 632 1477 tentationem,-
660 1391 731 1464 hoc
748 1403 803 1464 est
820 1393 917 1465 enim
941 1416 1010 1466 sun
1029 1417 1186 1465 navens

141 1532 213 1582 NOS
229 1534 254 1579 Α
271 1531 389 1581 MALO.
1200 1536 1236 1575 10

16 1631 99 1681 OAP·
193 1622 428 1721 Compendiis
458 1624 693 1722 pauculorum
723 1625 926 1713 verborum,
956 1638 1045 1722 quot
1079 1624 1188 1697 attin-

13 1696 124 1838 aliiue
144 1749 278 1838 guntur
303 1735 420 1809 edicta
445 1737 716 1836 prophetarum,
741 1741 1019 1839 evangeliorum,
1045 1752 1190 1839 aposto-

144 1855 275 1937 lorum,
299 1877 478 1923 sermones
505 1851 670 1941 Domini,
691 1854 871 1951 parabolae
898 1856 1076 1954 exempla,
1098 1881 1189 1954 prae-

144 1969 270 2067 cepta!
310 1968 410 2049 Quot
436 1966 542 2039 simul
569 1980 826 2065 expunguntur
851 1969 988 2042 official
1023 1969 1096 2040 Dei
1123 1968 1190 2040 ho·

143 2109 211 2154 nor
232 2081 269 2153 in
295 2094 407 2179 patre,
430 2081 513 2154 fidei
539 2081 787 2155 testimonium
811 2083 848 2154 in
872 2083 1031 2172 nomine,
1055 2083 1189 2155 oblatio
1203 2105 1235 2165 15

143 2196 306 2294 obsequii
324 2197 360 2268 in
379 2196 575 2284 voluntate,
592 2198 891 2271 commemoratio
910 2199 986 2298 spei
1010 2200 1048 2272 in
1069 2225 1190 2296 regno,

143 2311 271 2410 petitio
288 2310 372 2385 vitae
389 2311 426 2382 in
444 2337 548 2409 pane,
567 2313 828 2411 exomologesis
846 2314 1050 2388 debitorum
1074 2315 1111 2386 in
1129 2314 1191 2386 de-

143 2426 359 2525 precatione,
392 2425 581 2498 solicitudo
609 2427 852 2500 tentationum
884 2428 920 2500 in
950 2428 1190 2528 postulatione
1260 2518 1264 2525 x

143 2544 280 2615 tutelae.
324 2539 422 2623 Quid
439 2540 595 2613 mirum?
627 2541 728 2614 Deus
746 2542 841 2615 solus
858 2541 986 2615 docere
1004 2543 1133 2642 potuit,
1151 2556 1190 2616 ut

146 2684 183 2730 se
200 2656 308 2731 vellet
325 2655 427 2727 orari.
478 2655 538 2729 Ab
559 2655 639 2754 ipso
661 2657 772 2754 igitur
792 2656 954 2730 ordinata
971 2658 1096 2755 religio
1114 2684 1191 2730 ora·
1202 2683 1238 2721 20

144 2770 264 2858 tionis,
285 2782 323 2842 et
345 2768 390 2840 de
417 2769 542 2867 spiritu
569 2770 692 2868 ipsius,
711 2770 791 2865 jam
815 2783 903 2844 tunc
926 2798 1039 2868 quum
1063 2797 1107 2844 ex
1130 2798 1190 2843 ore

144 2883 266 2956 divino
292 2883 442 2955 ferretur
470 2884 639 2970 animata,
666 2910 731 2957 suo
756 2885 942 2983 privilegio
969 2887 1129 2960 ascendit
1154 2886 1192 2958 in

145 2998 292 3085 coelum,
310 2997 567 3070 commendans
586 2999 682 3070 Patri
699 3025 780 3095 quae
797 2999 911 3073 Filius
929 3001 1062 3075 docuit.

93 3173 100 3188 .
201 3112 382 3196 Quoniam
412 3124 534 3184 tamen
564 3113 747 3186 Dominus
777 3128 987 3213 prospector
1010 3116 1192 3188 ¹humana-

65 3239 84 3317 3,
145 3255 224 3301 rum
260 3226 526 3318 necessitatum,
556 3256 715 3303 seorsum
749 3243 831 3330 post
865 3229 1031 3303 traditam
1067 3230 1191 3304 orandi
1204 3255 1237 3316 ²5

25 3419 32 3441 ⁴.
88 3335 114 3382 ἲ·
146 3344 388 3443 disciplinam,
401 3343 539 3435 Petite,
552 3346 681 3444 inquit,
697 3356 732 3419 et
749 3347 945 3443 accipietis,
960 3346 1065 3438 (Luc.
1079 3347 1127 3419 xi.
1142 3352 1191 3442 8.)

146 3473 183 3533 et
209 3471 293 3531 sunt
318 3487 398 3555 quae
424 3472 592 3557 petantur
617 3487 683 3559 pro
709 3461 978 3534 circumstantia
1007 3461 1192 3557 cujusque,

144 3574 330 3674 praemissa
355 3574 517 3670 legitima
543 3587 578 3648 et
604 3575 782 3648 ordinaria
805 3577 964 3649 oratione
985 3576 1086 3674 quasi
1111 3576 1193 3648 fun-

145 3688 317 3761 damento
336 3687 575 3761 accidentium
589 3690 650 3786 jus
664 3703 718 3763 est
737 3689 835 3789 (for.
842 3689 1041 3785 justorum)
1057 3688 1194 3762 deside-

145 3804 293 3892 riorum,
310 3801 371 3898 jus
389 3815 443 3875 est
467 3805 732 3901 superstruendi
751 3805 972 3878 extrinsecus
988 3802 1192 3903 petitiones,
1202 3834 1241 3890 30

38 4009 40 4013 ι
146 3943 231 3991 cum
256 3917 429 3988 memoria
451 3929 574 3990 tamen
599 3934 873 4020 praeceptorum,
896 3947 942 3992 ne
967 3931 1146 4017 quantum
1173 3944 1194 3989 a

146 4031 346 4130 praeceptis,
362 4043 505 4104 tantum
523 4035 569 4106 ab
587 4033 731 4107 auribus
748 4035 821 4108 Dei
839 4036 946 4133 longe
964 4034 1087 4106 simus.

9 4177 67 4226 ΑΡ.
85 4177 133 4226 x1.
198 4147 380 4222 Memoria
403 4160 664 4247 proeceptorum
693 4150 788 4222 viam
819 4149 1040 4221 orationibus
1066 4145 1193 4220 sternit
