2678 4830
33 318 78 383 ιι
341 283 734 381 'Auuornrmuss

34 487 158 553 videtur
171 484 220 551 his
234 485 332 552 verbis
351 484 435 550 lolus
449 483 604 550 Christus.
638 483 739 571 Apud
753 483 824 549 Vet.
840 495 944 549 tamen
961 485 1063 551 Inter·

33 588 152 662 pretem
167 594 256 639 voces
274 573 322 637 καὶ
342 576 424 637 Θεοῦ
441 569 564 637 desunt.
610 571 735 636 Interea
747 569 779 634 in
793 569 906 653 celebri
919 568 990 636 loco
1002 574 1064 638 Ac·

34 671 123 726 ιιαιυι
134 660 242 746 apost.
251 681 320 745 cap.
328 679 380 723 xx.
396 679 507 723 comm.
519 658 572 725 αδ.
585 671 734 744 praestant
746 655 874 744 plurimi
888 656 1065 722 MSti—

33 751 188 827 ποιμανεῖν
201 745 254 825 τὴν
268 745 428 824 ἐκκλησίαν
445 748 497 808 τοῦ
511 747 619 826 Κυρίου
634 745 682 808 καὶ
696 747 787 818 Θεοῦ,
802 742 839 823 ἣν
852 744 1064 826 περιποιήσω

34 834 82 899 td
94 836 147 897 τοῦ
160 833 233 897 ἰδόου
246 832 375 912 αἵματος.

77 919 113 983 Ρ.
126 920 176 982 16.
190 917 211 983 l.
224 918 253 984 8.
269 918 353 984 οὗτοι
366 917 547 998 πρατότοκότ
561 918 625 981 ἐστι
638 919 691 980 τοῦ
704 917 836 1001 Σατανᾶ]
857 915 909 980 Ita
925 916 958 980 S.
970 915 1065 1004 Poly·
1110 937 1114 947 ·

31 1026 144 1092 carpus
156 1002 324 1091 appellavit
338 1001 541 1080 Marcionem,
552 1025 651 1088 quum
666 1025 698 1066 se
711 1001 743 1065 in
754 1016 953 1089 conspectum
967 1001 1065 1089 ipius

33 1089 240 1176 protrusisset,
254 1104 291 1156 ut
309 1088 397 1154 illum
415 1103 594 1176 agnosceret
609 1103 641 1153 et
659 1086 817 1166 salutaret,
832 1103 869 1153 ut
884 1088 1013 1153 fratrem
1032 1104 1064 1155 et

34 1175 219 1242 Christianae
232 1175 456 1242 communionis
468 1174 597 1252 socium,
611 1197 713 1254 orans,
727 1174 813 1262 apud
828 1176 910 1240 [ren.
925 1175 981 1240 lib.
993 1176 1062 1240 111.

33 1283 104 1415 n
484 1261 528 1414 e
542 1261 1064 1329 ν

33 1462 85 1503 κον
106 1442 158 1501 τοῦ
179 1442 309 1503 Σατανᾶ.
333 1437 457 1501 Sutrii.
504 1436 623 1500 Praeter
638 1435 794 1499 Irenaeum
808 1449 900 1499 testes
914 1434 1064 1501 citaverat

33 1522 176 1588 Usserius
195 1545 266 1587 cum
281 1523 349 1586 Act.
360 1521 425 1586 xiii.
441 1542 490 1586 10.
509 1521 564 1587 ubi
585 1521 618 1585 S.
632 1520 753 1586 Paulus
771 1520 917 1609 Elymam
935 1545 1061 1610 magum

32 1608 97 1672 uldv
115 1611 258 1688 διαβόλου
277 1606 422 1695 appellat,
438 1620 506 1671 tum
526 1606 619 1672 etiam
639 1607 812 1696 Ignatianae
830 1607 871 1671 ad
886 1607 1064 1673 Trallianos

32 1693 170 1780 epistolae
188 1693 381 1781 interpolatae
394 1716 462 1780 cap.
478 1713 527 1758 11.
541 1693 575 1758 iu
613 1717 654 1758 uo
671 1694 712 1758 ab
729 1692 947 1793 interpolatore
963 1695 1063 1759 Simo·

32 1801 103 1843 nem
121 1780 174 1845 τὸν
192 1783 376 1862 πρωτότοκον
392 1781 480 1844 αιἰτοΰ
495 1717 639 1865 (diabdli)
657 1781 722 1845 vlbv
742 1794 935 1845 nummatum
957 1780 1064 1847 hebes.

34 1867 137 1952 Supra
150 1888 224 1930 vero
244 1865 276 1929 in
296 1868 319 1930 J
321 1866 427 1931 oannis
445 1865 575 1953 apostoli
594 1865 663 1932 loco
679 1865 842 1931 excitando
858 1888 917 1954 pro
934 1867 1063 1954 vulgata

31 1950 161 2016 lectione
176 1954 340 2032 ἐληλυθότα
353 1965 480 2040 praestat
490 1975 562 2017 cum
574 1952 642 2017 aliis
655 1953 712 2018 scri
736 1952 855 2017 toribus
868 1965 964 2040 etque
976 1953 1061 2018 codi·

31 2037 120 2103 cibus
141 2039 317 2119 ἐληλυθέναι
338 2039 538 2127 Polycarpus,
554 2039 641 2138 quod
653 1976 781 2127 quidem
795 2039 915 2126 signare
934 2039 975 2104 sd
995 2042 1062 2104 No-

31 2147 107 2188 vum
133 2126 369 2189 Testamentum
393 2125 490 2190 critici
514 2140 692 2190 omiserunt
739 2127 864 2190 Interea
886 2127 1064 2206 ἐληλυθέναι

31 2233 89 2298 pro
103 2212 281 2291 ἑληλυθῆυαι
294 2235 333 2275 ex
347 2210 422 2276 edit.
436 2210 576 2298 principe
591 2212 762 2300 Polycarpo
777 2211 906 2277 restitui.

75 2297 159 2361 Ibid.
174 2297 194 2361 l.
213 2318 262 2384 13.
286 2299 339 2363 τόν
352 2299 559 2378 παντεπότιτην
572 2300 669 2387 Θεὸν]
689 2301 722 2364 S.
738 2299 882 2364 Clemens
900 2300 1064 2363 Romanus

31 2383 62 2447 in
85 2385 147 2450 fine
167 2384 278 2472 prioris
296 2383 433 2472 epistolae
452 2383 493 2449 ed
511 2384 699 2464 Corinthios,
715 2388 731 2450 ό
753 2386 957 2465 παντεπότιτης
972 2387 1060 2453 Θεός.

32 2473 131 2536 Recte
147 2470 179 2536 in
197 2471 310 2537 latina
330 2471 476 2547 versione,
492 2470 548 2535 ubi
566 2494 605 2535 ex
623 2471 783 2537 oscitantia
803 2471 919 2536 librarii
935 2471 1064 2558 ponitur

25 2569 288 2710 prpepeelptoreen,
303 2583 352 2709 erss
363 2558 468 2624 codice
489 2557 726 2646 Magdalenensi
741 2567 968 2646 perspectorem
991 2557 1063 2624 sub

31 2659 69 2707 sti
85 2659 132 2709 ult
180 2669 300 2710 ssenus
355 2667 454 2710 ulcu.

75 2732 112 2794 P.
129 2746 178 2812 17.
194 2731 215 2794 l.
229 2736 259 2797 ό.
283 2731 458 2818 δοξάζωμεν]
479 2735 572 2809 Cum,
587 2732 739 2797 referente
754 2729 889 2810 Usserio‚
903 2731 990 2795 istud
1008 2730 1063 2794 he-

32 2815 134 2879 buerit
149 2818 222 2880 MS.
241 2816 390 2895 Salmasii,
405 2817 463 2881 hoc
482 2832 538 2896 est,
554 2818 737 2904 exemplaris
758 2817 918 2882 Schottani
932 2839 1062 2904 apogra·

31 2900 141 2987 phum,
157 2900 319 2988 eidemque
337 2900 458 2965 lectioni
472 2903 584 2968 faverit
599 2905 695 2969 Vetus
714 2906 834 2991 Interp
850 2903 930 2967 hanc
944 2926 1003 2991 pro
1016 2903 1061 2967 al·

33 3002 98 3050 tera
119 2987 275 3066 δοξάζομεν
295 2987 327 3050 in
350 3000 471 3052 textum
492 2988 592 3075 recepi
603 3015 613 3069 ;
635 2989 669 3054 id
683 2990 769 3076 quod
787 3013 870 3054 nunc
887 2989 978 3054 video
994 2990 1060 3077 jam

31 3072 137 3137 fecisse
152 3074 376 3159 Lemoynaeum
392 3073 423 3137 in
439 3098 495 3139 sua
509 3075 643 3139 editione
657 3075 832 3163 Polycarpi.

75 3159 158 3226 Ibid.
174 3159 194 3224 l.
212 3162 242 3224 8.
265 3161 312 3225 καὶ
332 3162 414 3241 ἡμεῖς
435 3166 520 3227 τοῦτο
543 3164 772 3247 ἐπιστεύσαμεν]
789 3164 877 3250 Lege
892 3159 997 3248 τούτῳ,
1011 3160 1061 3225 vel

32 3245 56 3310 si
71 3248 238 3312 retineatur
251 3253 346 3326 τοῦτο,
363 3247 558 3335 subintellige
576 3249 661 3314 εἶναι.
686 3251 811 3314 Surrn.
857 3248 956 3313 Haud
976 3249 1061 3312 favet

31 3334 155 3420 quidem
171 3334 333 3398 mutationi
353 3335 570 3423 Interpretatio
584 3349 691 3409 vetus3
716 3336 756 3399 ad
777 3358 863 3399 oram
884 3349 988 3400 tamen
1007 3358 1061 3399 ex-

31 3420 124 3530 empli
145 3421 205 3485 mei
219 3419 431 3518 Aldrichianae
449 3421 523 3486 edit.
537 3421 585 3485 vir
602 3421 641 3486 cl.
659 3421 868 3486 Marklaudus
887 3443 982 3486 manu
1005 3442 1060 3486 sua

30 3520 455 3689 rovlrffipeprppnthapaxwss
470 3597 523 3659 οὖν
536 3597 608 3675 ὑμᾶς
621 3596 689 3678 δια]
704 3596 784 3658 Haec
797 3594 893 3658 verbu
906 3616 1006 3691 usque
1019 3593 1060 3656 ad

31 3676 108 3742 1llud
122 3679 291 3743 θναστόντα
304 3680 390 3766 apud
404 3679 577 3745 Eusebium
593 3703 719 3766 quoque
733 3693 840 3745 extant
854 3679 886 3743 in
900 3678 981 3744 lrbro
996 3693 1059 3744 ter·

30 3764 74 3844 tio
88 3766 176 3829 Hier.
191 3766 278 3829 Eccl.
293 3789 360 3853 cap.
373 3768 427 3852 36.

74 3850 158 3916 Ibid.
173 3850 193 3914 l.
213 3870 262 3914 12.
282 3851 319 3932 ἣν
341 3853 389 3916 καὶ
409 3855 486 3918 ἴδετε
507 3851 568 3917 κατ’
591 3853 777 3935 ὀφθαλμοὺς]
799 3851 989 3917 Particulam
1013 3852 1060 3915 καὶ

29 3961 67 4003 ex
90 3937 195 4002 codice
217 3937 394 4002 Florentino
415 3937 567 4026 supplevi,
586 3938 619 4002 in
640 3962 704 4025 quo
726 3953 839 4020 tamen,
857 3953 952 4026 prout
973 3937 1059 4025 apud

30 4023 213 4101 Eusebium,
236 4027 327 4089 εἴδετε
347 4046 406 4110 pro
426 4029 503 4091 ἴδετε
524 4024 673 4112 scriptum
696 4041 753 4103 est,
774 4026 920 4112 idemque
941 4025 974 4089 in
995 4023 1059 4090 edi-

29 4112 113 4177 tione
127 4134 184 4176 sua
197 4109 301 4198 posuit
315 4110 533 4210 Lemoynaeus,
548 4112 628 4176 sicut
641 4129 713 4177 ante
727 4136 798 4176 eum
814 4112 984 4185 Maderus3
1004 4109 1058 4175 sed

29 4199 210 4264 adversante
229 4198 484 4283 Interpretatrone
503 4212 615 4277 vetere,
627 4222 699 4286 quae
715 4199 820 4279 habet,
835 4221 928 4287 quom
943 4211 975 4262 et
988 4221 1058 4262 ocu-

28 4285 173 4371 lalofide
193 4282 322 4353 vidistis.
356 4285 457 4350 Porro
474 4284 656 4374 perticulam
673 4295 713 4366 el,
732 4310 828 4373 quam
848 4283 944 4351 nescit
963 4284 1059 4372 hujus
