2678 4830
131 295 195 364 192
460 290 839 359 ANNOTATIONES

129 463 351 531 sacramentali
369 463 624 549 considerantur,
642 464 678 528 id
695 466 895 553 evangelium
910 467 1007 533 lucca
1025 469 1069 533 ab
1086 470 1190 538 initia

129 553 467 786 33333Ἵ310331331ν1,
481 551 564 638 quad
581 573 652 616 cum
672 553 810 615 manime
827 561 960 618 tuemur.
987 557 1112 622 Confer
1127 581 1189 624 nos

174 727 212 790 P.
228 745 298 809 134.
328 726 379 787 .6.
401 721 582 787 matricibus
601 738 632 787 et
650 721 866 810 originalibus]
891 725 1051 792 Particula
1066 739 1098 794 et
1122 729 1184 796 de-

128 811 222 877 lenda
236 810 370 875 videtur.

174 897 256 963 Ibid.
271 895 293 962 1.
306 912 336 980 7.
357 895 423 960 sine
437 894 535 960 dubio
551 896 719 981 tenentem]
738 895 839 960 Velim
857 895 1023 962 rescribere
1037 903 1181 966 maenti.

127 986 197 1064 due,
209 1007 281 1050 cum
295 983 425 1047 verbum
440 992 526 1048 teum
541 981 652 1046 melius
666 998 819 1069 congruat
833 1006 906 1047 cum
921 982 1065 1062 ecclesiis,
1078 1010 1182 1071 quarn

126 1095 198 1137 cum
213 1069 362 1135 doctrina.

173 1157 256 1223 Ibid.
279 1156 299 1222 l.
316 1179 348 1242 9.
376 1154 527 1242 reliquam
551 1179 626 1220 vero
649 1177 772 1218 omnem
799 1154 985 1240 doctrinam]
1012 1155 1085 1220 Etsi
1110 1157 1183 1249 edi,-

126 1243 307 1309 ditonum
322 1264 396 1308 vero
410 1243 596 1320 doctrinam,
614 1256 771 1328 expuncta
788 1265 865 1306 voce
883 1243 941 1306 rel'
1006 1266 1047 1322 m,
1064 1243 1183 1331 Rigal-

127 1331 201 1410 tius,
216 1330 378 1419 pristinam
395 1344 498 1393 temen
513 1329 676 1394 lectionem
693 1328 846 1392 revocavi.
892 1265 1004 1394 Η11111
1016 1345 1127 1394 auctor
1143 1331 1178 1395 in

126 1416 179 1483 lib.
201 1442 259 1483 suo
272 1419 373 1482 Advs.
393 1416 573 1503 Psyclicos,
595 1416 670 1495 sive,
690 1415 728 1479 de
742 1417 888 1501 Jejuniia
911 1438 980 1502 cap.
994 1417 1181 1496 4.-omnis

126 1503 181 1569 reli
207 1528 255 1569 uae
269 1506 377 1569 carnis
391 1524 485 1566 usum
500 1504 683 1567 concessisse
698 1502 903 1586 manffestum
918 1512 975 1567 est.

171 1529 256 1655 liid.
272 1590 292 1654 1.
309 1610 358 1676 13.
382 1610 478 1675 supra
492 1588 660 1673 edidimus]
680 1590 725 1652 H.
738 1612 765 1652 e.
780 1587 882 1674 capite
899 1608 948 1673 13.

171 1677 292 1742 Ibidl.
312 1677 362 1740 16.
406 1674 471 1738 uod
491 1674 578 1738 nulla
599 1673 740 1738 doctrina
761 1673 896 1759 diversa]
920 1673 1061 1739 Mutavit
1081 1677 1178 1741 mulla

126 1786 197 1827 cum
214 1764 296 1827 nulli
311 1699 478 1860 Rigiltius.
525 1760 587 1826 Sed
603 1763 734 1847 Lupum
750 1774 846 1848 atque
862 1761 1070 1826 Thomasium
1085 1786 1177 1828 secu-

126 1862 178 1914 tus
192 1850 281 1912 nulla
295 1847 428 1912 restitui.

171 1933 366 2019 11111113.
389 1956 454 2020 qua
475 1955 584 1997 rursus
604 1934 804 2017 convertunt]
828 1935 867 1999 In
890 1934 1060 2021 exemplari
1082 1936 1175 2022 Ago-

125 2021 216 2086 bardi
240 2020 375 2108 legitur:
402 2023 480 2095 Qua
501 2042 611 2084 susum
637 2042 762 2085 rursus.
803 2022 848 2085 Et
873 2023 1075 2086 confirmatur
1099 2022 1173 2088 cod.

125 2108 319 2173 Divionensi.
343 2105 546 2194 Augustinus
565 2106 596 2171 in
614 2105 718 2193 Epist.
730 2107 860 2172 loannis
875 2110 934 2173 Tr.
950 2109 981 2172 8.
999 2109 1089 2183 Quod
1101 2131 1174 2174 sua-

125 2196 449 2281 um,faciasjusum‚·
465 2193 548 2282 arrad
560 2193 821 2278 deorsumfaciaa
830 2216 971 2258 sursum.
993 2196 1110 2258 Jusum
1121 2198 1174 2260 via
1243 2266 1246 2274 .

112 2285 229 2369 facere
242 2283 359 2357 Deum,
374 2291 404 2346 et
418 2290 447 2346 te
460 2281 595 2345 susum?
617 2281 840 2366 Pracipitaris,
855 2303 919 2344 aaa
933 2282 1079 2346 elevaris.
1109 2283 1174 2346 Ille

125 2371 209 2433 enim
223 2390 345 2455 semper
357 2390 485 2433 rurscam
499 2376 556 2444 est,
573 2369 628 2431 bc.
654 2368 762 2430 Tract.
782 2386 827 2431 10.
866 2368 987 2432 Susum
1007 2389 1054 2431 nu
1074 2369 1172 2432 mm-

125 2477 191 2534 rm,
206 2457 324 2542 jusum
348 2455 457 2518 calcas.
496 2455 611 2540 Itaque
634 2453 676 2516 sic
697 2452 884 2539 legendum:
908 2455 1031 2535 Eadem
1049 2457 1172 2542 agitati

124 2542 290 2618 dementia,
325 2564 368 2605 ua
381 2541 612 2627 susumjusum
626 2547 822 2604 conuertunt.
846 2541 995 2604 chstr.

169 2630 209 2692 P.
226 2565 334 2714 135.l.
350 2649 400 2712 19.
423 2640 454 2691 et
475 2626 586 2714 utique
606 2625 747 2712 implevit
764 2625 997 2713 repromissum]
1018 2628 1073 2690 An
1087 2625 1169 2706 hec,

125 2728 181 2779 aut
200 2714 326 2779 demum
341 2713 394 2778 illa
406 2714 438 2777 in
454 2713 555 2800 capite
567 2730 616 2795 17.
632 2735 703 2777 cum
723 2711 937 2776 Montanismo
956 2713 1035 2777 bene
1055 2735 1170 2777 conve-

125 2799 223 2878 niant,
245 2800 335 2864 valde
356 2800 478 2864 dubito.
525 2800 618 2863 Certe
641 2800 671 2862 in
692 2799 772 2863 libro
786 2800 824 2863 de
841 2800 1052 2887 Monogamia
1073 2800 1171 2864 Mon-

125 2885 238 2949 tanista
246 2888 312 2972 jam
328 2887 430 2950 factus
446 2885 662 2950 Tertullianus
675 2885 718 2950 ita
733 2885 856 2949 scribit:
874 2886 1061 2950 Paracletus
1077 2887 1124 2967 (h.
1138 2911 1167 2952 e.

125 2986 163 3036 ut
188 2971 239 3036 ille
264 2973 383 3051 docuit,
410 2975 599 3056 Montanus)
626 2973 725 3036 multa
747 2973 864 3036 tatem
889 2973 1012 3037 edocere
1037 2995 1107 3060 quae
1130 2976 1168 3036 in

123 3059 214 3122 illum
228 3060 352 3124 distulit
365 3061 525 3123 Dominus
539 3058 708 3122 secundum
717 3061 967 3144 proefiuitimcm
982 3062 1038 3123 irc.
1056 3082 1124 3145 cap.
1136 3081 1168 3124 1.

124 3160 155 3209 et
170 3159 278 3232 postea
291 3170 360 3233 cap.
376 3165 426 3227 14.
441 3144 543 3233 ejusd.
559 3143 639 3208 libri.
670 3146 836 3232 Regnavit
853 3146 977 3210 duritia
996 3146 1098 3209 cardis
1115 3168 1169 3209 us-

123 3254 182 3321 que
205 3235 249 3296 ad
272 3235 456 3305 illimatum,-
480 3233 667 3319 regnaverit
691 3241 720 3296 et
742 3234 915 3318 iufirmitas
936 3233 1045 3296 carnis
1069 3253 1168 3319 usquc

123 3320 166 3382 acl
173 3321 380 3406 paracletum.
414 3320 511 3383 Nova
526 3319 577 3382 lea
590 3319 720 3383 abstulit
733 3319 911 3406 repudium.
945 3319 1071 3383 Habuit
1085 3320 1168 3405 quod
1225 3345 1227 3351 ·

123 3407 267 3492 aufirret
284 3429 368 3470 nona
383 3405 569 3492 prophetia,
579 3406 749 3469 secundum
766 3407 1013 3483 matrimonium,
1027 3428 1091 3470 non
1105 3408 1166 3468 mi·

124 3514 186 3556 mus
200 3515 235 3555 re
257 3493 368 3556 uilium
376 3493 510 3578 prioris.
549 3490 600 3555 Sic
613 3491 694 3554 enim
710 3491 900 3578 interpungo
915 3490 1030 3555 locum.

134 3625 137 3630 -
169 3577 219 3641 Ibi
244 3577 287 3642 .l.
301 3597 352 3645 11.
377 3577 527 3663 Spiritum
552 3579 713 3662 Sanctum]
730 3577 823 3655 Quod
846 3577 949 3642 extitit
969 3587 1112 3642 sanctum
1132 3576 1166 3640 in

123 3663 228 3728 codice
245 3663 387 3728 Rhenani
401 3686 441 3727 ex
455 3662 594 3750 principe
609 3663 743 3728 editione
758 3664 917 3738 revocavi;
941 3665 973 3727 in
989 3664 1046 3728 hac
1062 3678 1165 3728 tamen

123 3749 258 3815 editione
278 3750 378 3814 multa
395 3748 541 3813 hocloco
559 3748 762 3826 omittuntur;
784 3773 919 3838 quorum
938 3749 999 3814 alia
1016 3752 1166 3814 Wouwe-

123 3836 199 3915 rius,
215 3835 275 3900 alia
294 3835 454 3923 Rigaltius
475 3834 643 3922 supplevit.
690 3837 751 3902 Sed
769 3850 801 3901 et
819 3836 850 3900 in
867 3837 1041 3901 Wouwerii
1059 3837 1166 3902 codice

122 3932 266 3989 sanctum
281 3923 418 4001 extabat,
434 3922 467 3987 id
482 3935 585 3986 tamen
600 3922 715 3987 delevit
729 3922 896 4009 Rigaltius

167 4011 203 4074 P.
224 4013 294 4096 136.
317 4009 339 4073 1.
359 4029 408 4094 13.
433 4007 536 4094 Atqui
554 4008 747 4095 demutatus]
771 4009 941 4074 Substituit
954 4011 1031 4096 quia
1045 4032 1103 4095 pro
1117 4017 1165 4072 at-

121 4099 177 4184 qui
191 4095 369 4184 Rigaltius;
393 4118 465 4160 cum
480 4117 555 4159 vero
591 4095 768 4171 articulant
786 4096 845 4160 hoc
865 4095 991 4182 quidem
1011 4095 1164 4181 denegare

122 4182 275 4261 videatur,
289 4181 394 4247 induci
406 4205 425 4246 a
436 4181 536 4246 Paulo
550 4119 633 4248 alifis
643 4181 795 4270 evangelii
809 4183 953 4263 formam,
965 4181 1080 4247 idcirco
1095 4203 1163 4245 eam

121 4269 345 4336 restituendam
359 4293 425 4335 esse
438 4291 556 4335 censeo.
