2678 4830
65 317 131 381 800
449 316 483 381 S.
500 316 736 382 CYPRIANI

66 487 165 561 tione
187 513 396 587 purgamus,
416 488 477 586 qui
502 486 633 561 diaboli
662 488 770 563 servis
794 488 961 563 minores
990 516 1141 581 sumus,

67 618 107 676 ut
129 602 277 676 Christo
299 630 364 702 pro
388 604 503 703 pretio
528 604 704 704 passionis
728 621 764 679 et
790 606 985 705 sanguinis
1010 608 1138 682 vicem

67 718 187 793 necin
209 719 359 793 modicis
378 721 640 820 rependamus?

116 837 241 910 XVII.
269 838 449 936 Praecepta
474 837 533 909 ille
555 838 657 910 nobis
675 836 786 927 dedit,
805 838 892 936 quid
910 838 1037 912 facere
1056 868 1135 914 ser-

66 981 127 1027 vos
150 981 232 1027 suos
256 968 436 1053 oporteret
458 954 644 1037 instruxit;
668 955 898 1054 operantibus
922 957 1127 1054 praemium
1139 984 1155 1046 5

65 1072 259 1170 pollicitus,
271 1085 307 1143 et
325 1070 543 1170 supplicium
564 1072 744 1144 sterilibus
762 1070 1022 1163 comminatus,
1041 1101 1131 1147 sen·

64 1188 213 1261 tentiam
250 1214 350 1259 suam
387 1187 549 1287 protulit,
580 1188 666 1284 quid
697 1187 923 1285 judicaturus
954 1188 1003 1261 sit
1035 1204 1127 1264 ante

63 1303 241 1403 praedixit.
293 1303 384 1385 Quae
410 1318 528 1401 potest
551 1303 738 1376 excusatio
755 1330 831 1375 esse
850 1305 1017 1394 cessanti,
1036 1331 1124 1401 quae

63 1417 224 1492 defensio
250 1418 372 1508 sterili,
396 1419 463 1491 nisi
491 1419 587 1516 qnod
613 1446 684 1492 non
710 1419 864 1492 faciente
890 1445 992 1491 servo
1017 1420 1122 1517 quod

62 1536 278 1635 praeeipitur,
292 1535 473 1609 Dominus
492 1536 599 1609 faciet
614 1535 710 1633 quod
729 1535 906 1609 minatur?
924 1535 986 1633 qui
1005 1549 1045 1608 et
1062 1535 1121 1609 di·
1134 1571 1169 1610 ιο

12 1682 28 1708 ’·
63 1654 132 1727 cit:
156 1653 248 1726 Cum
265 1653 404 1725 venerit
421 1653 541 1726 Filius
558 1653 711 1726 hominis
733 1653 770 1726 iu
791 1652 965 1726 claritate
979 1678 1062 1741 sua,
1081 1664 1121 1727 et

61 1795 182 1843 omnes
205 1766 332 1866 augeli
357 1794 436 1840 cum
462 1794 513 1857 ea,
532 1779 618 1842 tunc
642 1769 779 1843 sedebit
802 1771 840 1842 iu
857 1768 985 1842 throno
1003 1769 1120 1844 clari-

63 1886 152 1960 tatis
168 1911 251 1970 sua,
271 1894 306 1956 et
324 1883 545 1983 colligentur
561 1895 648 1959 ante
672 1912 752 1959 eum
775 1911 897 1959 omnes
918 1894 1060 1984 gentes,
1080 1898 1118 1960 et

61 2002 273 2102 segregabit
303 2026 361 2073 eos
391 2000 436 2074 ab
466 2000 630 2090 inuicem,
656 2001 956 2101 quemadmodum
980 2011 1117 2098 pastor

61 2129 237 2221 segregat
254 2145 336 2193 oues
353 2119 398 2192 ab
416 2116 536 2206 iadis,
554 2128 590 2191 et
605 2128 743 2191 statuet
760 2144 841 2192 aues
859 2119 909 2191 ud
924 2118 1115 2192 deuterum
1128 2148 1162 2210 15

62 2265 178 2327 suam,
200 2236 317 2309 hadas
340 2245 463 2308 autem
486 2234 537 2309 ad
557 2235 756 2308 sinistram.
798 2233 900 2308 Tunc
926 2235 1022 2307 dicet
1047 2262 1116 2310 rea

63 2358 110 2429 iis
130 2356 193 2455 qui
215 2353 266 2428 ad
287 2353 472 2426 deuterum
493 2378 597 2425 suam
621 2362 752 2426 eruut:
775 2352 818 2424 V
812 2354 909 2425 err-ite
935 2351 1117 2426 benedicti

62 2472 192 2545 Patris
215 2472 296 2560 mei,
316 2471 494 2568 percipite
519 2495 673 2569 reguum
697 2468 796 2569 quod
815 2468 914 2542 uobis
932 2479 1115 2564 paratum

63 2599 116 2662 est
133 2588 178 2661 ab
196 2588 339 2686 origiue
355 2587 491 2660 muudi.
518 2586 671 2659 Esurivi
689 2585 793 2674 euim,
807 2594 842 2657 et
860 2584 1117 2658 dedistismihi

62 2704 294 2778 atauducare.
334 2704 455 2792 Sitivi,
481 2713 516 2776 et
535 2702 695 2799 potastis
720 2727 800 2784 me,·
829 2699 955 2799 hospes
967 2698 1051 2802 fui,
1077 2713 1115 2776 et
1126 2739 1162 2778 20

62 2820 268 2894 adduxistis
289 2844 346 2891 me
357 2851 370 2902 ,·
398 2818 528 2909 nudus,
547 2829 582 2892 et
605 2818 764 2893 vestistis
789 2844 846 2890 me
858 2851 870 2901 ,-
899 2815 1115 2916 irfirmatus

59 2964 152 3026 sura,
172 2946 207 3009 et
222 2934 398 3007 visitastis
415 2960 495 3017 me,·
522 2935 560 3006 iu
583 2960 731 3008 carcere
739 2932 823 3035 fui,
843 2945 878 3008 et
894 2935 1044 3009 venistis
1062 2936 1118 3010 ad

60 3079 127 3126 me.
169 3051 272 3124 Tunc
288 3049 555 3148 respondebunt
574 3051 607 3123 ei
611 3050 714 3150 justi
733 3052 891 3125 diceutes
903 3082 922 3152 ,ἢ
936 3051 1114 3142 Domine,

60 3172 206 3272 quaudo
232 3179 269 3244 te
292 3168 448 3243 uidimus
475 3168 691 3242 esurientem
721 3178 756 3242 et
778 3170 959 3266 pavimus,
984 3169 1113 3242 sitien-

61 3299 133 3362 tem
151 3299 187 3362 et
197 3286 437 3386 potavimus?
470 3285 627 3364 Quaado
645 3296 682 3359 te
697 3285 853 3358 vidimus
870 3285 1054 3383 hospitem,
1074 3296 1138 3366 et2
1142 3325 1160 3386 5

60 3405 309 3478 adduximus?
321 3405 469 3491 nudum,
480 3414 516 3477 et
527 3403 766 3477 vestivimus?
779 3402 923 3501 quaudo
936 3412 1058 3475 autem
1072 3413 1111 3477 te

59 3519 215 3593 vidimus
237 3516 425 3617 infirmari
448 3529 483 3591 et
506 3520 545 3591 in
565 3545 723 3610 carcere,
741 3529 777 3592 et
796 3520 958 3594 venimus
975 3519 1026 3593 ad
1040 3523 1109 3593 te?

63 3636 165 3708 Tuus
191 3634 406 3731 respondeus
429 3634 512 3707 Rex
535 3635 630 3708 dicet
654 3637 730 3709 eis:
754 3636 875 3709 Amen
897 3637 976 3710 dieo
998 3637 1109 3728 nebu,

58 3750 220 3851 quaudiu
228 3748 384 3851 fecistis
401 3751 466 3823 um‘
482 3749 610 3824 horum
629 3779 672 3825 ea
679 3751 877 3854 fratribus
893 3755 983 3828 meis
999 3755 1107 3828 mini-

58 3869 137 3959 mis,
154 3867 245 3942 miti
255 3865 420 3968 fecistis.
458 3867 560 3940 Tum
585 3869 680 3943 dicet
704 3881 740 3944 et
760 3870 836 3944 illis
854 3872 917 3971 qui
933 3871 983 3944 ad
1001 3872 1157 3967 siais-30

58 3995 154 4059 tram
169 3985 247 4085 ejus
265 3994 391 4058 eruut:
412 3984 604 4058 Discedite
616 4013 639 4059 a
654 4013 710 4060 me
727 3987 913 4061 maledicti
929 3988 967 4060 iu
984 3989 1107 4088 iguem

58 4112 230 4176 cateruam
244 4126 348 4202 quem
361 4101 514 4198 paravit
525 4101 646 4176 Pater
663 4128 763 4177 rueus
776 4103 917 4176 diabolo
936 4113 973 4176 et
992 4131 1106 4205 auge-

59 4218 104 4292 lis
121 4219 208 4318 ejus.
244 4218 396 4293 Esurivi
414 4219 519 4309 enim,
537 4231 574 4294 et
589 4247 661 4296 uou
679 4218 828 4294 dedistis
845 4219 936 4293 milri
951 4221 1105 4296 maudu-
