<?xml version="1.0" encoding="UTF-8"?>
<!DOCTYPE html PUBLIC "-//W3C//DTD XHTML 1.0 Transitional//EN"
    "http://www.w3.org/TR/xhtml1/DTD/xhtml1-transitional.dtd">
<html xmlns="http://www.w3.org/1999/xhtml" xml:lang="en" lang="en">
 <head>
  <title>
</title>
<meta http-equiv="Content-Type" content="text/html;charset=utf-8" />
  <meta name='ocr-system' content='tesseract 3.04.00' />
  <meta name='ocr-capabilities' content='ocr_page ocr_carea ocr_par ocr_line ocrx_word'/>
</head>
<body>
  <div class='ocr_page' id='page_1' title='image "./scriptorumeccle00unkngoog_0140.png"; bbox 0 0 2678 4830; ppageno 0'>
   <div class='ocr_carea' id='block_1_1' title="bbox 361 298 1197 367">
    <p class='ocr_par' dir='ltr' id='par_1_1' title="bbox 361 298 1197 367">
     <span class='ocr_line' id='line_1_1' title="bbox 361 298 1197 367; baseline 0.001 -1"><span class='ocrx_word' id='word_1_1' title='bbox 361 304 425 366; x_wconf 92' lang='lat' dir='ltr'>DE</span> <span class='ocrx_word' id='word_1_2' title='bbox 450 298 849 366; x_wconf 83' lang='lat' dir='ltr'>PRAESCRIPTIONE</span> <span class='ocrx_word' id='word_1_3' title='bbox 873 301 996 366; x_wconf 86' lang='lat' dir='ltr'><strong>HAER.</strong></span> <span class='ocrx_word' id='word_1_4' title='bbox 1137 302 1197 367; x_wconf 73' lang='lat'>121</span> 
     </span>
    </p>
   </div>
   <div class='ocr_carea' id='block_1_2' title="bbox 111 472 1338 4297">
    <p class='ocr_par' dir='ltr' id='par_1_2' title="bbox 151 472 1202 573">
     <span class='ocr_line' id='line_1_2' title="bbox 151 472 1202 573; baseline 0.001 -26"><span class='ocrx_word' id='word_1_5' title='bbox 151 473 350 565; x_wconf 80' lang='lat' dir='ltr'>rescimus,</span> <span class='ocrx_word' id='word_1_6' title='bbox 361 474 410 546; x_wconf 91' lang='lat' dir='ltr'>ita</span> <span class='ocrx_word' id='word_1_7' title='bbox 430 500 535 572; x_wconf 92' lang='lat' dir='ltr'>posse</span> <span class='ocrx_word' id='word_1_8' title='bbox 557 472 594 545; x_wconf 90' lang='lat' dir='ltr'>id</span> <span class='ocrx_word' id='word_1_9' title='bbox 615 488 763 573; x_wconf 90' lang='lat' dir='ltr'>propter</span> <span class='ocrx_word' id='word_1_10' title='bbox 785 473 883 570; x_wconf 94' lang='lat' dir='ltr'>quod</span> <span class='ocrx_word' id='word_1_11' title='bbox 905 473 1085 573; x_wconf 86' lang='lat' dir='ltr'>fugiendae</span> <span class='ocrx_word' id='word_1_12' title='bbox 1106 487 1202 566; x_wconf 90' lang='lat' dir='ltr'>sunt,</span> 
     </span>
    </p>

    <p class='ocr_par' dir='ltr' id='par_1_3' title="bbox 126 589 1338 1268">
     <span class='ocr_line' id='line_1_3' title="bbox 153 589 1332 686; baseline -0.007 -23"><span class='ocrx_word' id='word_1_13' title='bbox 153 618 225 663; x_wconf 94' lang='lat' dir='ltr'>non</span> <span class='ocrx_word' id='word_1_14' title='bbox 245 591 427 663; x_wconf 90' lang='lat' dir='ltr'>miremur.</span> <span class='ocrx_word' id='word_1_15' title='bbox 459 589 612 663; x_wconf 85' lang='lat' dir='ltr'><strong>Instruit</strong></span> <span class='ocrx_word' id='word_1_16' title='bbox 627 590 812 663; x_wconf 82' lang='lat' dir='ltr'>Dominus</span> <span class='ocrx_word' id='word_1_17' title='bbox 830 591 964 664; x_wconf 92' lang='lat' dir='ltr'>multos</span> <span class='ocrx_word' id='word_1_18' title='bbox 981 618 1058 664; x_wconf 91' lang='lat' dir='ltr'>esse</span> <span class='ocrx_word' id='word_1_19' title='bbox 1075 604 1284 686; x_wconf 58' lang='lat' dir='ltr'>ventu-ngare</span> <span class='ocrx_word' id='word_1_20' title='bbox 1296 624 1332 656; x_wconf 66' lang='lat' dir='ltr'>xl*</span> 
     </span>
     <span class='ocr_line' id='line_1_4' title="bbox 153 690 1251 836; baseline 0.002 -58"><span class='ocrx_word' id='word_1_21' title='bbox 153 732 210 778; x_wconf 92' lang='lat' dir='ltr'>ros</span> <span class='ocrx_word' id='word_1_22' title='bbox 229 707 296 778; x_wconf 90' lang='lat' dir='ltr'>sub</span> <span class='ocrx_word' id='word_1_23' title='bbox 314 705 469 836; x_wconf 85' lang='lat' dir='ltr'>pellibus</span> <span class='ocrx_word' id='word_1_24' title='bbox 482 706 605 778; x_wconf 90' lang='lat' dir='ltr'>ovium</span> <span class='ocrx_word' id='word_1_25' title='bbox 622 732 767 806; x_wconf 85' lang='lat' dir='ltr'>rapaces</span> <span class='ocrx_word' id='word_1_26' title='bbox 785 706 901 805; x_wconf 90' lang='lat' dir='ltr'>lupos.</span> <span class='ocrx_word' id='word_1_27' title='bbox 930 707 1108 788; x_wconf 85' lang='lat' dir='ltr'>Quaenam</span> <span class='ocrx_word' id='word_1_28' title='bbox 1122 706 1201 780; x_wconf 86' lang='lat' dir='ltr'>istae</span> <span class='ocrx_word' id='word_1_29' title='bbox 1210 690 1251 722; x_wconf 54' lang='grc' dir='ltr'>ω’</span> 
     </span>
     <span class='ocr_line' id='line_1_5' title="bbox 154 821 1203 922; baseline 0 -26"><span class='ocrx_word' id='word_1_30' title='bbox 154 835 239 896; x_wconf 92' lang='lat' dir='ltr'>sunt</span> <span class='ocrx_word' id='word_1_31' title='bbox 256 823 369 922; x_wconf 89' lang='lat' dir='ltr'>pelles</span> <span class='ocrx_word' id='word_1_32' title='bbox 387 823 523 910; x_wconf 91' lang='lat' dir='ltr'>ovium,</span> <span class='ocrx_word' id='word_1_33' title='bbox 541 822 610 895; x_wconf 90' lang='lat' dir='ltr'>nisi</span> <span class='ocrx_word' id='word_1_34' title='bbox 634 822 792 895; x_wconf 92' lang='lat' dir='ltr'>nominis</span> <span class='ocrx_word' id='word_1_35' title='bbox 811 821 1007 895; x_wconf 83' lang='lat' dir='ltr'>Christiani</span> <span class='ocrx_word' id='word_1_36' title='bbox 1029 823 1203 897; x_wconf 84' lang='lat' dir='ltr'>extrinse-</span> 
     </span>
     <span class='ocr_line' id='line_1_6' title="bbox 126 937 1336 1037; baseline 0.002 -26"><span class='ocrx_word' id='word_1_37' title='bbox 126 964 216 1029; x_wconf 74' lang='lat' dir='ltr'>qus</span> <span class='ocrx_word' id='word_1_38' title='bbox 228 937 454 1037; x_wconf 75' lang='lat' dir='ltr'>superficies?</span> <span class='ocrx_word' id='word_1_39' title='bbox 474 937 547 1020; x_wconf 91' lang='lat' dir='ltr'>Qui</span> <span class='ocrx_word' id='word_1_40' title='bbox 562 937 639 1036; x_wconf 93' lang='lat' dir='ltr'>lupi</span> <span class='ocrx_word' id='word_1_41' title='bbox 653 964 809 1036; x_wconf 83' lang='lat' dir='ltr'><strong>rapaces,</strong></span> <span class='ocrx_word' id='word_1_42' title='bbox 820 937 888 1009; x_wconf 93' lang='lat' dir='ltr'>nisi</span> <span class='ocrx_word' id='word_1_43' title='bbox 902 964 1037 1029; x_wconf 89' lang='lat' dir='ltr'>sensus,</span> <span class='ocrx_word' id='word_1_44' title='bbox 1050 952 1087 1011; x_wconf 90' lang='lat' dir='ltr'>et</span> <span class='ocrx_word' id='word_1_45' title='bbox 1099 939 1203 1037; x_wconf 78' lang='lat' dir='ltr'>spin‘-</span> <span class='ocrx_word' id='word_1_46' title='bbox 1187 949 1260 1000; x_wconf 85' lang='lat' dir='ltr'>-iUb</span> <span class='ocrx_word' id='word_1_47' title='bbox 1251 966 1336 1029; x_wconf 38' lang='lat' dir='ltr'>nup·</span> 
     </span>
     <span class='ocr_line' id='line_1_7' title="bbox 152 1015 1338 1151; baseline 0.003 -25"><span class='ocrx_word' id='word_1_48' title='bbox 152 1068 211 1127; x_wconf 89' lang='lat' dir='ltr'>tus</span> <span class='ocrx_word' id='word_1_49' title='bbox 230 1052 383 1142; x_wconf 86' lang='lat' dir='ltr'>subdoli,</span> <span class='ocrx_word' id='word_1_50' title='bbox 397 1052 441 1126; x_wconf 95' lang='lat' dir='ltr'>ad</span> <span class='ocrx_word' id='word_1_51' title='bbox 460 1052 703 1125; x_wconf 88' lang='lat' dir='ltr'>infestandum</span> <span class='ocrx_word' id='word_1_52' title='bbox 722 1079 868 1151; x_wconf 82' lang='lat' dir='ltr'>gregem</span> <span class='ocrx_word' id='word_1_53' title='bbox 883 1053 1046 1125; x_wconf 82' lang='lat' dir='ltr'>Christi</span> <span class='ocrx_word' id='word_1_54' title='bbox 1038 1053 1203 1126; x_wconf 79' lang='lat' dir='ltr'>intrinse·</span> <span class='ocrx_word' id='word_1_55' title='bbox 1212 1015 1338 1130; x_wconf 55' lang='lat' dir='ltr'>lillffl&#39;·</span> 
     </span>
     <span class='ocr_line' id='line_1_8' title="bbox 154 1166 1204 1268; baseline -0.002 -25"><span class='ocrx_word' id='word_1_56' title='bbox 154 1196 218 1243; x_wconf 91' lang='lat' dir='ltr'>cus</span> <span class='ocrx_word' id='word_1_57' title='bbox 241 1169 517 1242; x_wconf 82' lang='lat' dir='ltr'>delitescentes?</span> <span class='ocrx_word' id='word_1_58' title='bbox 561 1168 634 1250; x_wconf 90' lang='lat' dir='ltr'>Qui</span> <span class='ocrx_word' id='word_1_59' title='bbox 660 1168 986 1268; x_wconf 86' lang='lat' dir='ltr'>pseudoprophetae</span> <span class='ocrx_word' id='word_1_60' title='bbox 1013 1182 1109 1259; x_wconf 91' lang='lat' dir='ltr'>sunt,</span> <span class='ocrx_word' id='word_1_61' title='bbox 1134 1166 1204 1243; x_wconf 91' lang='lat' dir='ltr'>nisi</span> 
     </span>
    </p>

    <p class='ocr_par' dir='ltr' id='par_1_4' title="bbox 154 1284 1206 1386">
     <span class='ocr_line' id='line_1_9' title="bbox 154 1284 1206 1386; baseline -0.001 -27"><span class='ocrx_word' id='word_1_62' title='bbox 154 1287 233 1359; x_wconf 87' lang='lat' dir='ltr'>falsi</span> <span class='ocrx_word' id='word_1_63' title='bbox 259 1285 531 1386; x_wconf 82' lang='lat' dir='ltr'>praedicatores?</span> <span class='ocrx_word' id='word_1_64' title='bbox 580 1284 652 1367; x_wconf 86' lang='lat' dir='ltr'>Qui</span> <span class='ocrx_word' id='word_1_65' title='bbox 678 1286 981 1384; x_wconf 87' lang='lat' dir='ltr'>pseudoapostoli,</span> <span class='ocrx_word' id='word_1_66' title='bbox 1006 1287 1075 1359; x_wconf 90' lang='lat' dir='ltr'>nisi</span> <span class='ocrx_word' id='word_1_67' title='bbox 1105 1286 1206 1360; x_wconf 84' lang='lat' dir='ltr'>adul·</span> 
     </span>
    </p>

    <p class='ocr_par' dir='ltr' id='par_1_5' title="bbox 154 1400 1207 1500">
     <span class='ocr_line' id='line_1_10' title="bbox 154 1400 1207 1500; baseline -0.002 -25"><span class='ocrx_word' id='word_1_68' title='bbox 154 1403 220 1475; x_wconf 89' lang='lat' dir='ltr'>teri</span> <span class='ocrx_word' id='word_1_69' title='bbox 239 1400 564 1500; x_wconf 83' lang='lat' dir='ltr'>evangelizatores?</span> <span class='ocrx_word' id='word_1_70' title='bbox 590 1401 663 1483; x_wconf 89' lang='lat' dir='ltr'>Qui</span> <span class='ocrx_word' id='word_1_71' title='bbox 681 1401 881 1474; x_wconf 85' lang='lat' dir='ltr'>antichristi</span> <span class='ocrx_word' id='word_1_72' title='bbox 901 1402 1096 1475; x_wconf 92' lang='lat' dir='ltr'>interimet</span> <span class='ocrx_word' id='word_1_73' title='bbox 1114 1427 1207 1475; x_wconf 90' lang='lat' dir='ltr'>sem·</span> 
     </span>
    </p>

    <p class='ocr_par' dir='ltr' id='par_1_6' title="bbox 111 1517 1332 2082">
     <span class='ocr_line' id='line_1_11' title="bbox 111 1517 1207 1619; baseline -0.004 -25"><span class='ocrx_word' id='word_1_74' title='bbox 111 1557 146 1594; x_wconf 78' lang='grc' dir='ltr'>ιο</span> <span class='ocrx_word' id='word_1_75' title='bbox 155 1545 229 1619; x_wconf 88' lang='lat' dir='ltr'>per,</span> <span class='ocrx_word' id='word_1_76' title='bbox 247 1519 316 1591; x_wconf 91' lang='lat' dir='ltr'>nisi</span> <span class='ocrx_word' id='word_1_77' title='bbox 343 1517 480 1590; x_wconf 88' lang='lat' dir='ltr'>Christi</span> <span class='ocrx_word' id='word_1_78' title='bbox 507 1518 677 1590; x_wconf 76' lang='lat' dir='ltr'>rebelles?</span> <span class='ocrx_word' id='word_1_79' title='bbox 711 1519 823 1591; x_wconf 90' lang='lat' dir='ltr'>Nunc</span> <span class='ocrx_word' id='word_1_80' title='bbox 849 1533 934 1592; x_wconf 90' lang='lat' dir='ltr'>sunt</span> <span class='ocrx_word' id='word_1_81' title='bbox 961 1520 1112 1592; x_wconf 86' lang='lat' dir='ltr'>haereses</span> <span class='ocrx_word' id='word_1_82' title='bbox 1133 1545 1207 1591; x_wconf 92' lang='lat' dir='ltr'>non</span> 
     </span>
     <span class='ocr_line' id='line_1_12' title="bbox 156 1635 1208 1734; baseline 0 -27"><span class='ocrx_word' id='word_1_83' title='bbox 156 1636 277 1708; x_wconf 90' lang='lat' dir='ltr'>minus</span> <span class='ocrx_word' id='word_1_84' title='bbox 297 1635 541 1708; x_wconf 86' lang='lat' dir='ltr'>doctrinarum</span> <span class='ocrx_word' id='word_1_85' title='bbox 564 1636 796 1734; x_wconf 87' lang='lat' dir='ltr'>perversitate</span> <span class='ocrx_word' id='word_1_86' title='bbox 821 1636 1009 1709; x_wconf 88' lang='lat' dir='ltr'>eeclesiam</span> <span class='ocrx_word' id='word_1_87' title='bbox 1034 1637 1208 1708; x_wconf 89' lang='lat' dir='ltr'>lacessen-</span> 
     </span>
     <span class='ocr_line' id='line_1_13' title="bbox 156 1750 1208 1850; baseline 0 -26"><span class='ocrx_word' id='word_1_88' title='bbox 156 1767 221 1839; x_wconf 89' lang='lat' dir='ltr'>tes,</span> <span class='ocrx_word' id='word_1_89' title='bbox 247 1777 358 1848; x_wconf 89' lang='lat' dir='ltr'>quam</span> <span class='ocrx_word' id='word_1_90' title='bbox 388 1762 476 1824; x_wconf 90' lang='lat' dir='ltr'>tunc</span> <span class='ocrx_word' id='word_1_91' title='bbox 504 1750 735 1824; x_wconf 90' lang='lat' dir='ltr'>antichristus</span> <span class='ocrx_word' id='word_1_92' title='bbox 761 1752 1054 1850; x_wconf 88' lang='lat' dir='ltr'>persecutionum</span> <span class='ocrx_word' id='word_1_93' title='bbox 1078 1751 1208 1825; x_wconf 90' lang='lat' dir='ltr'>atroci-</span> 
     </span>
     <span class='ocr_line' id='line_1_14' title="bbox 156 1865 1207 1967; baseline 0 -27"><span class='ocrx_word' id='word_1_94' title='bbox 156 1879 229 1940; x_wconf 88' lang='lat' dir='ltr'>tate</span> <span class='ocrx_word' id='word_1_95' title='bbox 250 1880 503 1966; x_wconf 88' lang='lat' dir='ltr'>persequetur:</span> <span class='ocrx_word' id='word_1_96' title='bbox 530 1866 599 1939; x_wconf 91' lang='lat' dir='ltr'>nisi</span> <span class='ocrx_word' id='word_1_97' title='bbox 624 1865 722 1963; x_wconf 93' lang='lat' dir='ltr'>quod</span> <span class='ocrx_word' id='word_1_98' title='bbox 745 1868 946 1966; x_wconf 92' lang='lat' dir='ltr'>persecutio</span> <span class='ocrx_word' id='word_1_99' title='bbox 972 1882 1008 1940; x_wconf 92' lang='lat' dir='ltr'>et</span> <span class='ocrx_word' id='word_1_100' title='bbox 1032 1881 1207 1967; x_wconf 89' lang='lat' dir='ltr'>martyras</span> 
     </span>
     <span class='ocr_line' id='line_1_15' title="bbox 156 1983 1332 2082; baseline 0 -25"><span class='ocrx_word' id='word_1_101' title='bbox 156 1983 255 2071; x_wconf 85' lang='lat' dir='ltr'>facit,</span> <span class='ocrx_word' id='word_1_102' title='bbox 279 1983 421 2056; x_wconf 88' lang='lat' dir='ltr'>haeresis</span> <span class='ocrx_word' id='word_1_103' title='bbox 452 1995 630 2082; x_wconf 87' lang='lat' dir='ltr'>apostatas</span> <span class='ocrx_word' id='word_1_104' title='bbox 662 1998 818 2057; x_wconf 88' lang='lat' dir='ltr'>tantum.</span> <span class='ocrx_word' id='word_1_105' title='bbox 869 1983 920 2057; x_wconf 81' lang='lat' dir='ltr'>Et</span> <span class='ocrx_word' id='word_1_106' title='bbox 948 1984 1030 2056; x_wconf 90' lang='lat' dir='ltr'>ideo</span> <span class='ocrx_word' id='word_1_107' title='bbox 1057 1985 1332 2060; x_wconf 60' lang='lat' dir='ltr'>haresesrcow</span> 
     </span>
    </p>

    <p class='ocr_par' dir='ltr' id='par_1_7' title="bbox 113 2099 1210 2665">
     <span class='ocr_line' id='line_1_16' title="bbox 113 2099 1208 2200; baseline -0.005 -21"><span class='ocrx_word' id='word_1_108' title='bbox 113 2127 304 2198; x_wconf 83' lang='lat' dir='ltr'>15quoque</span> <span class='ocrx_word' id='word_1_109' title='bbox 326 2101 514 2198; x_wconf 84' lang='lat' dir='ltr'>oportebat</span> <span class='ocrx_word' id='word_1_110' title='bbox 537 2126 625 2188; x_wconf 85' lang='lat' dir='ltr'>esse,</span> <span class='ocrx_word' id='word_1_111' title='bbox 642 2111 685 2174; x_wconf 83' lang='lat' dir='ltr'>ut</span> <span class='ocrx_word' id='word_1_112' title='bbox 704 2099 914 2197; x_wconf 82' lang='lat' dir='ltr'>probabiles</span> <span class='ocrx_word' id='word_1_113' title='bbox 935 2101 1068 2200; x_wconf 81' lang='lat' dir='ltr'>quique</span> <span class='ocrx_word' id='word_1_114' title='bbox 1090 2101 1208 2174; x_wconf 82' lang='lat' dir='ltr'>moni-</span> 
     </span>
     <span class='ocr_line' id='line_1_17' title="bbox 145 2215 1209 2319; baseline -0.001 -28"><span class='ocrx_word' id='word_1_115' title='bbox 145 2215 396 2319; x_wconf 72' lang='lat' dir='ltr'>sectarentur,</span> <span class='ocrx_word' id='word_1_116' title='bbox 426 2230 500 2291; x_wconf 89' lang='lat' dir='ltr'>tam</span> <span class='ocrx_word' id='word_1_117' title='bbox 532 2217 594 2315; x_wconf 94' lang='lat' dir='ltr'>qui</span> <span class='ocrx_word' id='word_1_118' title='bbox 624 2217 661 2289; x_wconf 94' lang='lat' dir='ltr'>in</span> <span class='ocrx_word' id='word_1_119' title='bbox 694 2216 1004 2315; x_wconf 87' lang='lat' dir='ltr'>persecutionibus</span> <span class='ocrx_word' id='word_1_120' title='bbox 1034 2217 1209 2307; x_wconf 87' lang='lat' dir='ltr'>steterint,</span> 
     </span>
     <span class='ocr_line' id='line_1_18' title="bbox 159 2333 1209 2434; baseline -0.003 -26"><span class='ocrx_word' id='word_1_121' title='bbox 159 2363 273 2434; x_wconf 88' lang='lat' dir='ltr'>quam</span> <span class='ocrx_word' id='word_1_122' title='bbox 296 2335 359 2432; x_wconf 91' lang='lat' dir='ltr'>qui</span> <span class='ocrx_word' id='word_1_123' title='bbox 386 2334 432 2407; x_wconf 90' lang='lat' dir='ltr'>ad</span> <span class='ocrx_word' id='word_1_124' title='bbox 460 2334 611 2407; x_wconf 87' lang='lat' dir='ltr'>haereses</span> <span class='ocrx_word' id='word_1_125' title='bbox 637 2359 710 2407; x_wconf 91' lang='lat' dir='ltr'>non</span> <span class='ocrx_word' id='word_1_126' title='bbox 737 2333 1024 2406; x_wconf 86' lang='lat' dir='ltr'>exorbitaverint.</span> <span class='ocrx_word' id='word_1_127' title='bbox 1076 2333 1209 2430; x_wconf 89' lang='lat' dir='ltr'>Neque</span> 
     </span>
     <span class='ocr_line' id='line_1_19' title="bbox 160 2448 1207 2550; baseline -0.002 -26"><span class='ocrx_word' id='word_1_128' title='bbox 160 2452 256 2525; x_wconf 89' lang='lat' dir='ltr'>enirn</span> <span class='ocrx_word' id='word_1_129' title='bbox 282 2478 342 2524; x_wconf 91' lang='lat' dir='ltr'>eos</span> <span class='ocrx_word' id='word_1_130' title='bbox 360 2449 573 2550; x_wconf 81' lang='lat' dir='ltr'>probabiles</span> <span class='ocrx_word' id='word_1_131' title='bbox 598 2449 748 2548; x_wconf 84' lang='lat' dir='ltr'>intelligi</span> <span class='ocrx_word' id='word_1_132' title='bbox 769 2449 888 2546; x_wconf 89' lang='lat' dir='ltr'>jubet,</span> <span class='ocrx_word' id='word_1_133' title='bbox 907 2448 968 2544; x_wconf 91' lang='lat' dir='ltr'>qui</span> <span class='ocrx_word' id='word_1_134' title='bbox 988 2449 1026 2521; x_wconf 91' lang='lat' dir='ltr'>in</span> <span class='ocrx_word' id='word_1_135' title='bbox 1044 2448 1207 2522; x_wconf 85' lang='lat' dir='ltr'>haeresim</span> 
     </span>
     <span class='ocr_line' id='line_1_20' title="bbox 161 2565 1210 2665; baseline -0.001 -25"><span class='ocrx_word' id='word_1_136' title='bbox 161 2568 272 2640; x_wconf 90' lang='lat' dir='ltr'>fidem</span> <span class='ocrx_word' id='word_1_137' title='bbox 296 2567 506 2641; x_wconf 86' lang='lat' dir='ltr'>demutant:</span> <span class='ocrx_word' id='word_1_138' title='bbox 534 2567 628 2640; x_wconf 90' lang='lat' dir='ltr'>sicut</span> <span class='ocrx_word' id='word_1_139' title='bbox 651 2590 693 2640; x_wconf 86' lang='lat' dir='ltr'>ex</span> <span class='ocrx_word' id='word_1_140' title='bbox 718 2565 857 2638; x_wconf 91' lang='lat' dir='ltr'>diverso</span> <span class='ocrx_word' id='word_1_141' title='bbox 881 2565 947 2637; x_wconf 91' lang='lat' dir='ltr'>sibi</span> <span class='ocrx_word' id='word_1_142' title='bbox 976 2566 1210 2665; x_wconf 88' lang='lat' dir='ltr'>interpretan-</span> 
     </span>
    </p>

    <p class='ocr_par' dir='ltr' id='par_1_8' title="bbox 114 2682 1327 3107">
     <span class='ocr_line' id='line_1_21' title="bbox 114 2682 1327 2780; baseline -0.008 -20"><span class='ocrx_word' id='word_1_143' title='bbox 114 2723 151 2762; x_wconf 82' lang='lat'>20</span> <span class='ocrx_word' id='word_1_144' title='bbox 163 2697 231 2771; x_wconf 89' lang='lat' dir='ltr'>tur,</span> <span class='ocrx_word' id='word_1_145' title='bbox 245 2684 330 2780; x_wconf 92' lang='lat' dir='ltr'>quia</span> <span class='ocrx_word' id='word_1_146' title='bbox 343 2684 435 2757; x_wconf 86' lang='lat' dir='ltr'>dixit</span> <span class='ocrx_word' id='word_1_147' title='bbox 449 2683 550 2756; x_wconf 89' lang='lat' dir='ltr'>alibi:</span> <span class='ocrx_word' id='word_1_148' title='bbox 574 2682 707 2755; x_wconf 84' lang='lat' dir='ltr'>Omnia</span> <span class='ocrx_word' id='word_1_149' title='bbox 726 2684 931 2756; x_wconf 79' lang='lat' dir='ltr'>examinate</span> <span class='ocrx_word' id='word_1_150' title='bbox 937 2715 950 2767; x_wconf 84' lang='lat'>,-</span> <span class='ocrx_word' id='word_1_151' title='bbox 970 2683 1066 2780; x_wconf 84' lang='lat' dir='ltr'>quod</span> <span class='ocrx_word' id='word_1_152' title='bbox 1082 2683 1209 2757; x_wconf 84' lang='lat' dir='ltr'>bonum</span> <span class='ocrx_word' id='word_1_153' title='bbox 1221 2715 1230 2750; x_wconf 90' lang='lat'>1</span> <span class='ocrx_word' id='word_1_154' title='bbox 1243 2701 1327 2752; x_wconf 65' lang='lat' dir='ltr'>rrae</span> 
     </span>
     <span class='ocr_line' id='line_1_22' title="bbox 164 2798 1291 2898; baseline -0.002 -26"><span class='ocrx_word' id='word_1_155' title='bbox 164 2810 227 2890; x_wconf 83' lang='lat' dir='ltr'>est,</span> <span class='ocrx_word' id='word_1_156' title='bbox 246 2809 387 2884; x_wconf 83' lang='lat' dir='ltr'>tenete,-</span> <span class='ocrx_word' id='word_1_157' title='bbox 415 2801 517 2898; x_wconf 88' lang='lat' dir='ltr'>quasi</span> <span class='ocrx_word' id='word_1_158' title='bbox 541 2825 615 2871; x_wconf 92' lang='lat' dir='ltr'>non</span> <span class='ocrx_word' id='word_1_159' title='bbox 640 2798 756 2885; x_wconf 90' lang='lat' dir='ltr'>liceat,</span> <span class='ocrx_word' id='word_1_160' title='bbox 774 2799 943 2872; x_wconf 91' lang='lat' dir='ltr'>omnibus</span> <span class='ocrx_word' id='word_1_161' title='bbox 962 2800 1056 2872; x_wconf 90' lang='lat' dir='ltr'>male</span> <span class='ocrx_word' id='word_1_162' title='bbox 1073 2798 1210 2872; x_wconf 86' lang='lat' dir='ltr'>exami·</span> <span class='ocrx_word' id='word_1_163' title='bbox 1289 2820 1291 2823; x_wconf 88' lang='grc'><strong><em>·</em></strong></span> 
     </span>
     <span class='ocr_line' id='line_1_23' title="bbox 162 2913 1210 3015; baseline 0 -27"><span class='ocrx_word' id='word_1_164' title='bbox 162 2916 267 3002; x_wconf 86' lang='lat' dir='ltr'>natis,</span> <span class='ocrx_word' id='word_1_165' title='bbox 286 2917 322 2988; x_wconf 91' lang='lat' dir='ltr'>in</span> <span class='ocrx_word' id='word_1_166' title='bbox 341 2917 553 2989; x_wconf 88' lang='lat' dir='ltr'>electionem</span> <span class='ocrx_word' id='word_1_167' title='bbox 578 2913 728 3011; x_wconf 90' lang='lat' dir='ltr'>alicujus</span> <span class='ocrx_word' id='word_1_168' title='bbox 752 2915 837 2989; x_wconf 87' lang='lat' dir='ltr'>mali</span> <span class='ocrx_word' id='word_1_169' title='bbox 854 2915 1056 3015; x_wconf 86' lang='lat' dir='ltr'>impingere</span> <span class='ocrx_word' id='word_1_170' title='bbox 1073 2941 1138 3014; x_wconf 87' lang='lat' dir='ltr'>per</span> <span class='ocrx_word' id='word_1_171' title='bbox 1154 2941 1210 2988; x_wconf 89' lang='lat' dir='ltr'>er·</span> 
     </span>
     <span class='ocr_line' id='line_1_24' title="bbox 163 3060 290 3107; baseline 0.026 -3"><span class='ocrx_word' id='word_1_172' title='bbox 163 3060 290 3107; x_wconf 92' lang='lat' dir='ltr'>rorem</span> 
     </span>
    </p>

    <p class='ocr_par' dir='ltr' id='par_1_9' title="bbox 214 3148 1337 3247">
     <span class='ocr_line' id='line_1_25' title="bbox 214 3148 1337 3247; baseline -0.002 -26"><span class='ocrx_word' id='word_1_173' title='bbox 214 3149 376 3222; x_wconf 88' lang='lat' dir='ltr'>Porro</span> <span class='ocrx_word' id='word_1_174' title='bbox 350 3175 379 3222; x_wconf 89' lang='lat' dir='ltr'>sr</span> <span class='ocrx_word' id='word_1_175' title='bbox 403 3149 641 3223; x_wconf 88' lang='lat' dir='ltr'>dissensiones</span> <span class='ocrx_word' id='word_1_176' title='bbox 662 3162 700 3222; x_wconf 92' lang='lat' dir='ltr'>et</span> <span class='ocrx_word' id='word_1_177' title='bbox 716 3148 943 3222; x_wconf 90' lang='lat' dir='ltr'>schismata</span> <span class='ocrx_word' id='word_1_178' title='bbox 935 3161 1108 3247; x_wconf 83' lang='lat' dir='ltr'>increpat,</span> <span class='ocrx_word' id='word_1_179' title='bbox 1127 3174 1208 3245; x_wconf 83' lang='lat' dir='ltr'>quae</span> <span class='ocrx_word' id='word_1_180' title='bbox 1254 3170 1337 3220; x_wconf 76' lang='lat' dir='ltr'>car.</span> 
     </span>
    </p>

    <p class='ocr_par' dir='ltr' id='par_1_10' title="bbox 116 3237 1334 3831">
     <span class='ocr_line' id='line_1_26' title="bbox 116 3237 1305 3354; baseline -0.001 -17"><span class='ocrx_word' id='word_1_181' title='bbox 116 3294 150 3354; x_wconf 82' lang='lat'>25</span> <span class='ocrx_word' id='word_1_182' title='bbox 164 3265 239 3339; x_wconf 89' lang='lat' dir='ltr'>sine</span> <span class='ocrx_word' id='word_1_183' title='bbox 263 3266 375 3339; x_wconf 94' lang='lat' dir='ltr'>dubio</span> <span class='ocrx_word' id='word_1_184' title='bbox 398 3268 495 3338; x_wconf 90' lang='lat' dir='ltr'>mala</span> <span class='ocrx_word' id='word_1_185' title='bbox 518 3278 613 3352; x_wconf 90' lang='lat' dir='ltr'>sunt,</span> <span class='ocrx_word' id='word_1_186' title='bbox 631 3279 667 3338; x_wconf 92' lang='lat' dir='ltr'>et</span> <span class='ocrx_word' id='word_1_187' title='bbox 690 3264 929 3338; x_wconf 87' lang='lat' dir='ltr'>incontinenti</span> <span class='ocrx_word' id='word_1_188' title='bbox 951 3265 1102 3336; x_wconf 87' lang='lat' dir='ltr'>haereses</span> <span class='ocrx_word' id='word_1_189' title='bbox 1126 3237 1305 3336; x_wconf 82' lang='lat' dir='ltr'>sub-V</span> 
     </span>
     <span class='ocr_line' id='line_1_27' title="bbox 158 3379 1210 3482; baseline -0.005 -25.898"><span class='ocrx_word' id='word_1_190' title='bbox 158 3384 291 3482; x_wconf 83' lang='lat' dir='ltr'>jungit.</span> <span class='ocrx_word' id='word_1_191' title='bbox 323 3381 432 3465; x_wconf 88' lang='lat' dir='ltr'>Quod</span> <span class='ocrx_word' id='word_1_192' title='bbox 449 3383 552 3454; x_wconf 91' lang='lat' dir='ltr'>malis</span> <span class='ocrx_word' id='word_1_193' title='bbox 567 3380 622 3453; x_wconf 89' lang='lat' dir='ltr'>ad</span> <span class='ocrx_word' id='word_1_194' title='bbox 607 3394 740 3479; x_wconf 84' lang='lat' dir='ltr'>Jungat</span> <span class='ocrx_word' id='word_1_195' title='bbox 757 3380 856 3482; x_wconf 81' lang='lat' dir='ltr'>(for.</span> <span class='ocrx_word' id='word_1_196' title='bbox 871 3380 1029 3479; x_wconf 86' lang='lat' dir='ltr'>adjugat,</span> <span class='ocrx_word' id='word_1_197' title='bbox 1042 3379 1210 3477; x_wconf 68' lang='lat' dir='ltr'>danius),</span> 
     </span>
     <span class='ocr_line' id='line_1_28' title="bbox 164 3496 1210 3597; baseline -0.003 -25"><span class='ocrx_word' id='word_1_198' title='bbox 164 3500 300 3572; x_wconf 92' lang='lat' dir='ltr'>malum</span> <span class='ocrx_word' id='word_1_199' title='bbox 331 3499 457 3597; x_wconf 92' lang='lat' dir='ltr'>utique</span> <span class='ocrx_word' id='word_1_200' title='bbox 486 3500 686 3597; x_wconf 89' lang='lat' dir='ltr'>profitetur,</span> <span class='ocrx_word' id='word_1_201' title='bbox 712 3510 749 3571; x_wconf 89' lang='lat' dir='ltr'>et</span> <span class='ocrx_word' id='word_1_202' title='bbox 778 3498 925 3597; x_wconf 91' lang='lat' dir='ltr'>quidem</span> <span class='ocrx_word' id='word_1_203' title='bbox 956 3496 1093 3593; x_wconf 90' lang='lat' dir='ltr'>majus:</span> <span class='ocrx_word' id='word_1_204' title='bbox 1125 3522 1210 3570; x_wconf 91' lang='lat' dir='ltr'>cum</span> 
     </span>
     <span class='ocr_line' id='line_1_29' title="bbox 165 3612 1211 3688; baseline -0.001 -2"><span class='ocrx_word' id='word_1_205' title='bbox 165 3615 244 3687; x_wconf 93' lang='lat' dir='ltr'>ideo</span> <span class='ocrx_word' id='word_1_206' title='bbox 261 3614 451 3688; x_wconf 89' lang='lat' dir='ltr'>credidisse</span> <span class='ocrx_word' id='word_1_207' title='bbox 471 3642 508 3688; x_wconf 94' lang='lat' dir='ltr'>se</span> <span class='ocrx_word' id='word_1_208' title='bbox 525 3613 622 3688; x_wconf 90' lang='lat' dir='ltr'>dicat</span> <span class='ocrx_word' id='word_1_209' title='bbox 634 3614 679 3687; x_wconf 89' lang='lat' dir='ltr'>de</span> <span class='ocrx_word' id='word_1_210' title='bbox 697 3614 950 3688; x_wconf 88' lang='lat' dir='ltr'>schismatibus</span> <span class='ocrx_word' id='word_1_211' title='bbox 966 3626 1004 3687; x_wconf 89' lang='lat' dir='ltr'>et</span> <span class='ocrx_word' id='word_1_212' title='bbox 1020 3612 1211 3686; x_wconf 90' lang='lat' dir='ltr'>dissensio-</span> 
     </span>
     <span class='ocr_line' id='line_1_30' title="bbox 165 3729 1334 3831; baseline -0.002 -28"><span class='ocrx_word' id='word_1_213' title='bbox 165 3731 284 3820; x_wconf 90' lang='lat' dir='ltr'>nibus,</span> <span class='ocrx_word' id='word_1_214' title='bbox 304 3731 389 3828; x_wconf 88' lang='lat' dir='ltr'>quia</span> <span class='ocrx_word' id='word_1_215' title='bbox 407 3731 513 3803; x_wconf 91' lang='lat' dir='ltr'>sciret</span> <span class='ocrx_word' id='word_1_216' title='bbox 530 3731 640 3804; x_wconf 90' lang='lat' dir='ltr'>etiam</span> <span class='ocrx_word' id='word_1_217' title='bbox 661 3732 812 3806; x_wconf 88' lang='lat' dir='ltr'>haereses</span> <span class='ocrx_word' id='word_1_218' title='bbox 829 3745 993 3831; x_wconf 89' lang='lat' dir='ltr'>oportere</span> <span class='ocrx_word' id='word_1_219' title='bbox 1011 3758 1097 3804; x_wconf 86' lang='lat' dir='ltr'>esse.</span> <span class='ocrx_word' id='word_1_220' title='bbox 1141 3729 1231 3805; x_wconf 82' lang='lat' dir='ltr'>0s-1</span> <span class='ocrx_word' id='word_1_221' title='bbox 1244 3743 1298 3792; x_wconf 77' lang='lat' dir='ltr'>Cor·</span> <span class='ocrx_word' id='word_1_222' title='bbox 1310 3742 1334 3791; x_wconf 83' lang='lat' dir='ltr'>xi</span> 
     </span>
    </p>

    <p class='ocr_par' dir='ltr' id='par_1_11' title="bbox 116 3845 1215 4297">
     <span class='ocr_line' id='line_1_31' title="bbox 116 3845 1211 3948; baseline 0.002 -31"><span class='ocrx_word' id='word_1_223' title='bbox 116 3880 154 3935; x_wconf 86' lang='lat'>30</span> <span class='ocrx_word' id='word_1_224' title='bbox 165 3847 282 3920; x_wconf 90' lang='lat' dir='ltr'>tendit</span> <span class='ocrx_word' id='word_1_225' title='bbox 305 3846 401 3920; x_wconf 90' lang='lat' dir='ltr'>enim</span> <span class='ocrx_word' id='word_1_226' title='bbox 428 3848 597 3947; x_wconf 87' lang='lat' dir='ltr'>gravioris</span> <span class='ocrx_word' id='word_1_227' title='bbox 625 3848 709 3921; x_wconf 90' lang='lat' dir='ltr'>mali</span> <span class='ocrx_word' id='word_1_228' title='bbox 733 3860 926 3948; x_wconf 88' lang='lat' dir='ltr'>prospectu</span> <span class='ocrx_word' id='word_1_229' title='bbox 952 3847 997 3920; x_wconf 87' lang='lat' dir='ltr'>de</span> <span class='ocrx_word' id='word_1_230' title='bbox 1019 3845 1211 3921; x_wconf 91' lang='lat' dir='ltr'>levioribus</span> 
     </span>
     <span class='ocr_line' id='line_1_32' title="bbox 165 3963 1212 4037; baseline -0.004 0"><span class='ocrx_word' id='word_1_231' title='bbox 165 3990 203 4037; x_wconf 91' lang='lat' dir='ltr'>se</span> <span class='ocrx_word' id='word_1_232' title='bbox 220 3964 325 4037; x_wconf 85' lang='lat' dir='ltr'>facile</span> <span class='ocrx_word' id='word_1_233' title='bbox 344 3964 558 4037; x_wconf 88' lang='lat' dir='ltr'>credidisse:</span> <span class='ocrx_word' id='word_1_234' title='bbox 585 3977 681 4037; x_wconf 88' lang='lat' dir='ltr'>certe</span> <span class='ocrx_word' id='word_1_235' title='bbox 703 3991 775 4036; x_wconf 93' lang='lat' dir='ltr'>non</span> <span class='ocrx_word' id='word_1_236' title='bbox 794 3978 835 4037; x_wconf 89' lang='lat' dir='ltr'>ut</span> <span class='ocrx_word' id='word_1_237' title='bbox 852 3963 932 4037; x_wconf 92' lang='lat' dir='ltr'>ideo</span> <span class='ocrx_word' id='word_1_238' title='bbox 950 3963 995 4036; x_wconf 88' lang='lat' dir='ltr'>de</span> <span class='ocrx_word' id='word_1_239' title='bbox 1013 3963 1117 4036; x_wconf 89' lang='lat' dir='ltr'>malis</span> <span class='ocrx_word' id='word_1_240' title='bbox 1136 3988 1212 4035; x_wconf 89' lang='lat' dir='ltr'>cre-</span> 
     </span>
     <span class='ocr_line' id='line_1_33' title="bbox 165 4077 1215 4179; baseline -0.005 -25"><span class='ocrx_word' id='word_1_241' title='bbox 165 4081 307 4170; x_wconf 86' lang='lat' dir='ltr'>diderit,</span> <span class='ocrx_word' id='word_1_242' title='bbox 324 4082 409 4179; x_wconf 90' lang='lat' dir='ltr'>quia</span> <span class='ocrx_word' id='word_1_243' title='bbox 428 4081 582 4154; x_wconf 87' lang='lat' dir='ltr'>haereses</span> <span class='ocrx_word' id='word_1_244' title='bbox 599 4083 703 4154; x_wconf 86' lang='lat' dir='ltr'>bonae</span> <span class='ocrx_word' id='word_1_245' title='bbox 721 4095 851 4169; x_wconf 88' lang='lat' dir='ltr'>essent,</span> <span class='ocrx_word' id='word_1_246' title='bbox 869 4081 931 4155; x_wconf 88' lang='lat' dir='ltr'>sed</span> <span class='ocrx_word' id='word_1_247' title='bbox 950 4080 1001 4154; x_wconf 92' lang='lat' dir='ltr'>uti</span> <span class='ocrx_word' id='word_1_248' title='bbox 1020 4079 1066 4151; x_wconf 91' lang='lat' dir='ltr'>de</span> <span class='ocrx_word' id='word_1_249' title='bbox 1082 4077 1215 4176; x_wconf 88' lang='lat' dir='ltr'>pejoris</span> 
     </span>
     <span class='ocr_line' id='line_1_34' title="bbox 167 4193 1213 4297; baseline -0.002 -29"><span class='ocrx_word' id='word_1_250' title='bbox 167 4222 311 4292; x_wconf 91' lang='lat' dir='ltr'>quoque</span> <span class='ocrx_word' id='word_1_251' title='bbox 325 4211 420 4270; x_wconf 87' lang='lat' dir='ltr'>notae</span> <span class='ocrx_word' id='word_1_252' title='bbox 432 4197 692 4270; x_wconf 88' lang='lat' dir='ltr'>tentationibus</span> <span class='ocrx_word' id='word_1_253' title='bbox 710 4209 950 4297; x_wconf 86' lang='lat' dir='ltr'>praemoneret</span> <span class='ocrx_word' id='word_1_254' title='bbox 966 4222 1037 4268; x_wconf 91' lang='lat' dir='ltr'>non</span> <span class='ocrx_word' id='word_1_255' title='bbox 1051 4220 1128 4267; x_wconf 87' lang='lat' dir='ltr'>esse</span> <span class='ocrx_word' id='word_1_256' title='bbox 1147 4193 1213 4266; x_wconf 93' lang='lat' dir='ltr'>mi-</span> 
     </span>
    </p>
   </div>
   <div class='ocr_carea' id='block_1_3' title="bbox 0 0 1362 4830">
    <p class='ocr_par' dir='ltr' id='par_1_12' title="bbox 0 0 1362 4830">
     <span class='ocr_line' id='line_1_35' title="bbox 0 0 1362 4830; baseline 0 0"><span class='ocrx_word' id='word_1_257' title='bbox 0 0 1362 4830; x_wconf 95' lang='lat' dir='ltr'> </span> 
     </span>
    </p>
   </div>
  </div>
 </body>
</html>
