2678 4830
276 315 328 379 IN
352 314 695 379 TERTULLIANI
720 315 785 378 DE
808 315 1064 379 ORATIONE.
1133 318 1196 386 175

147 499 298 571 quentes:
322 485 433 549 Habes
452 484 582 570 quidem
602 507 628 548 c.
643 484 695 561 18,
709 485 809 558 Quale
823 487 1016 570 sacrificium
1030 496 1086 564 est,
1101 507 1124 550 a
1136 509 1197 574 qao

147 573 217 635 aiae
226 593 308 658 pace
322 573 504 635 receditur?
532 569 595 633 Sed
610 593 718 634 omnes
733 569 883 634 editiones
898 584 971 636 ante
984 571 1068 635 illam
1085 572 1196 671 Rigal-

147 656 264 720 tianam
279 657 411 722 verbum
425 657 569 720 accedere
587 669 745 742 praestant.
790 656 967 721 Adnotavit
988 659 1196 736 Muratorrus,

149 750 171 782 “
185 743 341 807 Recedcre
356 766 415 830 pro
428 744 557 816 reverti,
571 743 650 806 hanc
664 765 772 807 vocem
788 765 953 829 usurpasse
964 743 1112 808 videntur
1129 744 1197 809 Sal-

149 835 171 867 “
186 828 311 907 lustius,
334 844 429 914 atque
450 828 613 892 Horatius.
659 830 767 906 Quum
791 843 893 892 tamen
916 828 1048 893 dubium
1072 852 1196 895 sensum

149 921 171 954 “
186 914 323 978 habeant
343 915 475 979 istorum
496 913 651 1000 exempla,
675 928 707 978 et
731 914 869 978 secedere
894 914 985 978 etiam
1012 915 1196 1002 significent,

149 1008 171 1040 “
188 1000 298 1065 vellem
319 1001 426 1064 liceret
444 999 521 1063 mihi
541 1023 597 1087 per
612 999 845 1064 Tertullianum
862 999 921 1064 hoc
935 1000 968 1063 in
982 1001 1051 1066 looo
1065 1002 1198 1066 scribere

150 1095 173 1126 “
186 1108 250 1150 non
264 1088 416 1166 recedere,
433 1086 485 1149 sed
502 1087 674 1151 accedere.''

193 1175 232 1236 P.
249 1191 321 1257 105.
339 1171 362 1237 l.
376 1187 406 1255 7.
431 1173 515 1236 Nam
535 1185 567 1236 et
582 1171 818 1258 Joseph-cum
839 1170 886 1235 ira
904 1171 1113 1260 incedamus]
1130 1175 1198 1260 Op·

149 1257 234 1338 time,
249 1271 286 1322 ut
305 1272 394 1344 puto,
410 1256 557 1322 monebat
577 1257 646 1320 haec
667 1257 712 1321 ita
732 1256 955 1344 distinguenda
975 1281 1041 1322 esse
1063 1259 1198 1324 Latinus

151 1344 313 1418 Latinius3
331 1344 421 1408 aliter
432 1359 536 1407 tamen
546 1342 670 1430 judicat
683 1342 862 1420 Schutzius,
873 1343 914 1408 ad
926 1343 1000 1408 edit.
1014 1344 1198 1423 Haleusem,

150 1431 182 1494 in
196 1453 261 1518 qua
275 1430 355 1494 sicut
374 1430 407 1493 in
427 1429 546 1494 caeteris
559 1428 759 1507 editionibus,
776 1430 802 1494 si
816 1429 900 1494 illam
916 1429 1100 1495 Delacerdoe
1114 1432 1196 1496 exci-

150 1516 209 1604 pis,
226 1516 365 1580 membra
378 1514 526 1579 orationis
539 1514 667 1579 omnino
680 1514 837 1602 disjuncta
851 1531 936 1580 sunt.

195 1602 280 1666 lbid.
295 1602 317 1664 l.
337 1623 385 1666 10.
409 1601 459 1665 via
473 1601 712 1688 cognominatur
727 1601 891 1688 disciplina
905 1603 1025 1690 nostra]
1045 1604 1136 1689 Saepe
1150 1602 1200 1667 di·

151 1687 232 1752 citur
253 1690 272 1768 ἡ
294 1687 361 1755 ὁδὸς
382 1686 492 1774 religio
515 1687 703 1767 Christiana,
724 1710 796 1751 oum
815 1687 951 1753 indetis
966 1689 1197 1775 Apostolorum,

152 1788 220 1838 tum
234 1774 267 1837 in
283 1788 424 1837 veterum
442 1773 690 1838 Christianorum
710 1772 844 1860 scriptis,
859 1774 907 1837 uti
928 1773 1051 1838 monuit
1068 1776 1200 1840 Pearso·

151 1860 222 1924 nius
235 1860 269 1924 in
283 1862 494 1947 Eapoaitiorte
508 1860 661 1947 Symbola
677 1858 780 1923 Artic.
791 1861 841 1923 Et
854 1862 890 1922 ia
903 1862 983 1925 Jesa
1000 1861 1137 1925 Christo.

196 1945 281 2010 Ibid.
297 1946 317 2009 l.
337 1966 388 2031 13.
411 1946 489 2010 iram
511 1945 543 2009 in
564 1945 692 2009 fratrem
717 1945 884 2010 homicidio
906 1945 1104 2034 superponit]
1129 1948 1201 2011 Me-

151 2032 212 2095 lius
226 2032 409 2118 procederet
422 2031 532 2110 oratio,
546 2031 571 2094 si
587 2030 698 2095 vocula
711 2054 806 2118 qaam
820 2047 892 2118 post
905 2034 990 2096 iram
1004 2031 1186 2096 adderetur.

197 2117 280 2182 Ibid.
298 2117 320 2180 l.
336 2121 386 2183 16.
408 2119 484 2182 solia
499 2118 673 2205 receptam]
684 2118 738 2181 Art
752 2120 932 2182 recessum?
960 2118 1021 2182 Sed
1037 2118 1081 2181 nil
1091 2118 1199 2204 jubeo.
1243 2195 1246 2200 ι

196 2207 237 2268 Ρ.
255 2206 327 2268 106.
349 2203 371 2267 l.
391 2204 441 2266 18.
462 2227 480 2266 e
502 2202 669 2268 Dominica
689 2202 832 2289 passione
853 2203 1062 2289 modulantes]
1089 2204 1202 2268 Posuit

153 2314 194 2355 ex
207 2290 288 2353 libro
299 2289 466 2388 Agobardi
481 2290 675 2354 reodalrttam
690 2288 860 2376 Rigaltius,
873 2304 1021 2376 sequente
1036 2311 1108 2353 eum
1125 2291 1202 2353 Mu-

153 2375 279 2454 ratorio,
295 2399 351 2462 qur
366 2390 471 2439 tamen
485 2388 588 2461 putat,
600 2373 770 2439 desiderari
785 2397 903 2453 vocem,
919 2375 1095 2461 cujusmodi
1111 2388 1201 2456 essct,

153 2464 323 2549 capientes,
349 2462 506 2538 tabentes,
533 2473 589 2524 aut
614 2459 692 2548 quid
718 2460 828 2524 simile.
868 2463 1011 2524 Veterem
1037 2460 1200 2526 lectionem

154 2548 347 2613 modulrratea
358 2546 511 2612 revocavi.
528 2547 671 2624 Modalo,
681 2548 816 2628 ῥυθμίζω,
826 2547 990 2611 Glaesaria
1000 2547 1128 2611 habent.
1144 2547 1202 2610 Di-

154 2634 297 2697 vinarum
317 2648 423 2698 autem
443 2654 594 2695 manuum
610 2655 705 2719 super
718 2654 841 2695 crucem
857 2632 1089 2731 expansionem,
1105 2655 1201 2718 quam

155 2734 278 2784 orantes
296 2718 411 2784 imitari
432 2717 541 2796 solent,
558 2741 641 2805 saepe
654 2731 828 2782 memorant
842 2717 973 2805 antiqui.
1010 2717 1131 2783 Videsis
1144 2742 1201 2782 no·

156 2819 219 2870 tam
249 2805 291 2868 ad
322 2807 356 2870 S.
381 2804 586 2882 Victorinum,
613 2804 700 2892 apud
726 2806 893 2892 Reliquias
923 2807 1015 2868 Sacr.
1042 2805 1105 2868 vol.
1129 2807 1202 2870 111.

183 2940 190 2956 .
207 2912 220 2954 1
271 2937 278 2953 .

156 2914 179 2978 p
201 2910 287 3041 liiii.
301 2975 323 3041 l.
339 2990 388 3058 27.
413 2977 459 3040 Ut
480 2990 527 3040 est
547 2975 760 3062 quorundam,
776 2975 924 3075 expositis
945 2975 1069 3065 penulis
1089 2976 1204 3041 oratio-

157 3085 228 3126 nem
243 3062 359 3148 facere]
377 3061 500 3126 Penula
514 3062 648 3126 vestium
662 3085 762 3149 genus
776 3063 849 3141 furt,
865 3086 945 3148 quas
959 3061 1103 3149 pluvioso
1117 3062 1206 3150 frigi-

157 3148 262 3235 doque
286 3146 366 3212 coelo
391 3163 510 3212 veteres
534 3147 717 3213 induebant.
772 3150 842 3212 Has
867 3163 1035 3234 antequam
1060 3149 1207 3235 precibus

157 3257 285 3323 operam
308 3233 430 3308 darent,
450 3234 579 3320 quidam
605 3257 623 3296 e
648 3234 832 3298 Christianis
851 3234 1052 3320 deponendas
1073 3234 1205 3299 arbitra-

159 3321 284 3385 bantur.
330 3319 424 3397 Quod
440 3343 514 3384 vero
529 3318 747 3384 Tertullianus
765 3319 818 3398 ait,
834 3319 867 3382 id
887 3319 1082 3384 consuevisse
1102 3320 1169 3383 fieri
1189 3342 1209 3384 a

158 3406 348 3482 nationibus,
371 3405 430 3469 hoc
452 3421 498 3471 est
521 3406 561 3469 ab
585 3404 717 3469 ethnicis
739 3404 824 3469 idola
845 3405 1045 3484 adeuntibus,
1062 3405 1209 3494 AEschyli

161 3494 293 3557 Graecus
314 3491 467 3578 interpres
491 3491 673 3555 confirmare
697 3491 832 3556 videtur.
877 3491 991 3556 Nescio
1012 3492 1091 3578 quid
1113 3492 1208 3556 etiam

159 3579 200 3642 de
222 3578 448 3642 mutationibus
469 3577 602 3642 vestium
625 3576 657 3641 in
681 3577 855 3643 Gentilium
879 3577 972 3642 sacris
993 3578 1060 3664 ipse
1080 3577 1210 3643 Tertul-

159 3664 262 3729 lianus
274 3664 370 3728 habet
384 3664 416 3727 in
432 3663 484 3728 lib.
501 3665 539 3727 de
553 3664 659 3727 Pallio
673 3686 741 3750 cap.
753 3684 784 3743 4.
816 3664 1020 3727 Muanrorr.

203 3753 243 3815 P.
259 3767 331 3833 107.
347 3749 367 3813 l.
381 3771 414 3836 3.
436 3749 599 3837 adsignata
617 3750 772 3838 oratione]
787 3747 990 3828 Absolutam,
1001 3764 1033 3813 et
1050 3762 1208 3838 peractam

160 3837 330 3901 orationem
353 3835 515 3924 significat,
536 3835 719 3920 metaphora
738 3835 875 3900 deducta
890 3859 907 3898 e
922 3835 1028 3922 signis,
1044 3851 1076 3900 et
1091 3835 1209 3922 sigillis,

184 3946 234 3986 uae
250 3937 318 3986 tum
333 3921 481 4009 epistolis,
495 3939 562 3986 tum
577 3922 769 3987 testamentis
783 3921 915 4008 aliisque
931 3921 1046 3986 tabulis
1056 3923 1123 4008 jam
1138 3920 1211 3986 con-

161 3947 252 4072 iectis
266 4031 307 4094 ap
351 4009 381 4072 ni
398 4007 547 4072 solebant.
573 4009 678 4071 Ioron.

208 4092 293 4157 Ibid.
324 4145 330 4156 .
346 4114 377 4174 4.
397 4094 456 4158 nisi
471 4094 496 4158 si
512 4095 649 4158 Hermas
663 4091 725 4171 ille,
741 4092 832 4178 eujus
847 4091 1003 4180 scriptura
1017 4092 1082 4155 fere
1098 4094 1212 4155 Pastor

162 4178 342 4243 inscribitur
357 4182 428 4269 δια]
446 4181 577 4244 Hermae
590 4180 687 4243 verba
704 4194 812 4242 extant
833 4177 865 4241 in
884 4178 953 4264 ipso
972 4177 1126 4266 principio
1140 4176 1212 4240 libri

165 4265 293 4330 secundi
307 4267 465 4343 Pastoris,
482 4265 536 4330 ubi
550 4264 749 4330 doctissimus
765 4265 940 4353 Cotelerius
953 4265 1022 4330 haec
1039 4262 1212 4340 annotavit,
