2678 4830
216 333 269 399 IN
286 330 529 396 TERTULL.
545 330 610 395 DE
627 331 918 396 PRAESCRIPT.
936 334 1063 399 HAER.
1110 337 1170 406 191

175 507 213 568 Ρ.
232 524 304 589 131.
327 503 350 566 l.
367 521 419 568 12.
442 501 603 567 interdixit
623 502 880 589 disputationem]
905 507 1070 592 Reponere
1085 529 1124 572 ex
1139 507 1174 571 li-

130 593 189 656 bro
203 591 318 678 scripto
332 591 540 676 disputationi
554 589 623 653 vult
638 590 847 654 Wouwerius.

175 676 261 742 Ibid.
276 677 298 740 l.
312 694 363 761 27.
379 675 480 740 Variae
495 676 766 762 praesumptiones]
786 673 959 741 Theodoro
974 680 1110 743 Cantero
1124 702 1173 743 as-

132 765 247 829 sentior
259 761 375 849 legenti
390 783 483 825 venre
489 765 766 849 praesumptiones.
811 763 1006 843 Necessario,
1021 779 1053 828 et
1068 788 1175 830 sensus

131 852 176 916 ita
189 865 236 914 est
249 847 430 914 evidentior.
453 849 477 911 J
479 870 589 912 uulua.

177 939 215 1000 P.
230 954 300 1020 132.
313 934 334 997 l.
346 954 374 1018 7.
391 934 513 998 diversa
522 948 612 1020 parte
623 946 791 1008 statutum;
804 949 888 999 certe
896 935 937 999 de
968 935 1013 999 ari
1022 937 1175 1003 altercati-

132 1047 191 1088 one
199 1021 344 1085 incertior
353 1020 502 1105 discedet]
520 1022 572 1085 Ita
583 1044 615 1084 se
626 1020 744 1084 habent
752 1021 841 1085 editt.
856 960 1036 1108 Rigaliiana
1047 1023 1175 1110 priores,

131 1108 189 1171 nisi
204 1108 289 1193 quod
304 1117 334 1172 et
348 1131 406 1193 pro
420 1109 457 1171 de
472 1105 631 1172 nonnullae
645 1129 752 1173 earum
773 1108 930 1173 exhibent.
975 1110 1087 1174 Posuit
1101 1134 1175 1175 vero

132 1194 451 1280 Rigaltius‚adversa
487 1202 567 1271 arte,
578 1203 665 1258 stata
675 1204 756 1257 certe
761 1197 853 1281 parri,
864 1197 1064 1260 altercatione
1075 1199 1175 1262 iacer-

132 1283 195 1344 tior
218 1282 362 1346 discedet.
408 1217 486 1344 seri
493 1279 621 1344 alteram
644 1279 805 1344 lectionem
830 1281 965 1347 restituit
985 1281 1017 1345 in
1041 1283 1176 1348 editione

132 1391 189 1431 sua
204 1368 327 1454 Lupus.
366 1369 411 1430 Et
424 1367 505 1430 hauc
519 1365 649 1430 eandem
664 1366 890 1452 praeferendam
907 1368 1001 1448 duco,
1016 1369 1074 1434 nisi
1089 1371 1175 1457 quod

131 1454 234 1540 legere
250 1453 354 1531 velim,
366 1476 386 1516 a
396 1454 523 1517 diversa
534 1462 638 1601 parte,
654 1475 727 1516 cum
742 1452 844 1517 littera
858 1476 879 1517 a
893 1455 924 1517 in
940 1477 1016 1519 voce
1029 1457 1176 1533 adversa,

132 1563 227 1628 quarn
243 1541 338 1604 habet
353 1538 523 1625 nigasius,
550 1554 634 1604 atere
653 1539 806 1604 videatur.
853 1541 907 1604 Ad
925 1563 1033 1606 vocem
1048 1544 1176 1608 &versa

132 1627 218 1714 quod
244 1626 366 1704 attinet,
393 1625 489 1690 habes
513 1625 607 1703 infra,
633 1626 733 1689 lacre-m
761 1628 883 1690 interea
909 1628 1017 1692 &mas
1045 1628 1176 1694 diversae

128 1716 227 1801 parti.
244 1736 311 1799 cap.
326 1733 377 1779 22.
416 1711 516 1776 Paulo
530 1734 635 1797 supra,
650 1713 836 1799 regrediens
850 1712 921 1777 edd.
937 1727 1009 1778 ante
1024 1715 1144 1801 Rigalt.

175 1799 261 1865 Ibid.
277 1800 297 1862 l.
313 1819 359 1884 13.
379 1800 469 1885 Ergo
479 1820 540 1861 uon
552 1798 593 1862 ad
604 1798 773 1884 scripturas
781 1800 1016 1884 provocandum
1027 1805 1085 1888 est]
1100 1805 1177 1866 Pro-

131 1886 325 1965 bibidonem,
341 1909 404 1983 qua
418 1900 546 1949 cavetur
588 1884 747 1948 rovocatio
765 1885 806 1950 ad
827 1908 927 1950 sacras
947 1887 1115 1974 scripturas
1135 1889 1176 1953 ab

131 1973 191 2037 illis
212 1973 404 2059 interposita,
425 1971 480 2058 qui
502 1908 626 2035 easdiem
649 1971 854 2056 corruperint,
870 1990 926 2037 aut
947 1974 1040 2038 etiam
1084 1975 1174 2039 artim

132 2059 390 2147 abjudicaverim,
406 2058 560 2144 suggessit
576 2055 775 2121 Tertulliano
792 2059 886 2122 ardor
899 2059 1046 2125 destruen
1070 2086 1097 2126 ae
1111 2084 1177 2125 om-

131 2147 254 2233 nigenae
274 2145 411 2210 haeresis.
456 2144 583 2208 Etenim
604 2143 671 2231 ipse
690 2166 817 2231 quoque
838 2145 1007 2231 Septimius
1028 2171 1067 2212 ex
1091 2171 1177 2212 sacra

132 2234 286 2320 scriptura
298 2231 396 2296 malos
410 2230 551 2318 ejusdem
568 2229 633 2294 inte
672 2245 753 2294 retes
768 2253 923 2317 nusquam
940 2255 1015 2312 non,
1029 2256 1100 2298 eum
1115 2258 1176 2321 gu-

131 2318 301 2384 bernaculo
325 2342 419 2396 sanae,
446 2339 542 2404 quarn
570 2329 650 2405 puta
692 2332 715 2395 t,
742 2317 1014 2404 interpretationis,
1040 2321 1177 2384 refutare

132 2406 220 2471 solet.
258 2409 376 2471 Verum
396 2404 478 2467 enim
500 2426 574 2467 vero
592 2426 710 2467 errores
729 2427 809 2490 pene
828 2405 1008 2490 negantium
1025 2407 1178 2493 principia

131 2493 299 2580 religionis,
319 2491 435 2579 quibus
454 2512 487 2554 se
504 2489 635 2576 opponit
656 2490 872 2554 Tertullianus
891 2491 922 2554 in
942 2515 1009 2577 cap.
1030 2512 1079 2575 17.
1101 2517 1175 2579 pro-

133 2579 325 2645 vocationem
344 2577 385 2641 ad
405 2577 573 2663 scripturas
590 2576 710 2640 irritam
728 2576 893 2642 faciebant.
935 2579 1079 2666 Satisque
1098 2581 1177 2644 bene

133 2665 301 2753 explicavit
322 2661 516 2752 propositum
540 2686 633 2727 suum
654 2678 763 2728 auctor
784 2688 873 2751 capp.
888 2685 943 2750 32·
961 2682 992 2729 et
1006 2684 1057 2750 37.
1091 2669 1177 2731 Sole-

132 2776 214 2831 mus,
230 2752 325 2816 verba
339 2751 407 2836 ejus
421 2749 540 2813 suntin
555 2751 563 2812 i
567 2774 623 2836 pso
636 2749 725 2814 initio
739 2749 809 2815 libri
819 2752 916 2816 Advs.
928 2753 1175 2840 Hermogenem,

132 2841 288 2904 lcaercticis
302 2837 474 2923 compendii
485 2839 600 2924 gratia
611 2838 649 2900 de
658 2841 843 2923 posteritate
851 2839 1070 2925 prescribere.
1094 2842 1177 2904 Con·
1248 2841 1250 2844 ’

133 2928 181 2991 fer
195 2945 227 2990 et
240 2925 295 2989 lib.
307 2927 345 2988 de
361 2926 467 2989 Carae
482 2925 614 3002 Christi,
628 2946 697 3011 cap.
710 2926 741 2986 6.

178 3015 214 3076 P.
235 3032 305 3098 133.
330 3010 352 3074 l.
370 3029 422 3076 21.
449 3009 499 3074 Sic
524 3033 631 3074 omnes
652 3009 773 3097 primae,
797 3024 828 3073 et
849 3032 956 3074 omnes
977 3012 1174 3099 apostolicae3

133 3098 209 3163 dum
225 3121 289 3163 una
303 3120 420 3163 omnes
458 3097 601 3161 Probent
615 3097 767 3161 unitatem
782 3097 1020 3161 communicatio
1035 3099 1129 3184 pacis,
1145 3113 1177 3164 et

133 3185 300 3274 appellatio
315 3184 517 3250 fraternitatis
528 3186 597 3269 iro]
616 3183 667 3248 Sic
681 3183 783 3247 locum
798 3183 918 3247 restitui
933 3207 972 3247 ex
987 3183 1177 3249 editionibus

134 3272 314 3360 Rigaltiana
333 3271 566 3349 vetustioribus,
584 3269 643 3333 nisi
660 3269 747 3358 quod
769 3292 841 3333 cum
864 3269 1004 3356 Rigaltio
1026 3294 1093 3334 aaa
1114 3294 1176 3337 non

131 3382 231 3424 urtam
245 3359 345 3447 posui.
369 3357 480 3422 Lectio
494 3355 673 3444 Rigaltiana
685 3369 742 3434 est,
753 3358 809 3420 Sic
819 3377 924 3418 omues
935 3355 1036 3443 prima
1047 3356 1121 3439 (hoc
1135 3381 1174 3422 ex

133 3447 202 3511 cod.
219 3445 413 3533 Agobardi)‚
428 3453 458 3508 et
471 3444 657 3530 apostolice,
671 3443 744 3505 dam
759 3464 826 3504 aaa
840 3463 945 3506 omnes
955 3445 1092 3529 probarat
1105 3447 1177 3508 arai-

133 3543 251 3606 tatem‚·
276 3533 352 3596 dum
368 3545 415 3595 est
432 3530 492 3594 illis
506 3532 742 3594 communicatio
754 3530 859 3616 pacis,
875 3537 905 3592 et
918 3530 1087 3616 appellatio
1094 3533 1177 3617 fra-

133 3622 294 3684 ternitatis
320 3621 374 3682 &a
429 3618 502 3702 Ego
528 3631 632 3680 autem
659 3628 730 3701 post
755 3638 855 3693 voces,
881 3616 956 3678 dam
981 3638 1048 3679 arta
1072 3640 1177 3682 omnes

132 3721 299 3793 propterea
322 3703 463 3781 distinxi,
488 3717 525 3778 ut
552 3702 656 3779 verba,
679 3703 820 3789 probarat
841 3703 1005 3782 acritatem,
1030 3726 1101 3767 cum
1132 3728 1177 3768 se·

113 3789 314 3878 'quentibua
335 3790 495 3878 quomodo
514 3788 664 3853 hacteuus
685 3812 748 3852 non
768 3789 887 3852 sactum
906 3802 963 3867 est,
978 3789 1175 3877 conjungan-

135 3891 198 3943 tur.
251 3879 344 3956 Quod
375 3877 457 3941 enirn
487 3874 598 3940 debuit
623 3875 797 3940 Wouwerii
822 3874 981 3938 codicibus
1007 3876 1175 3961 Rigaltius,

134 3965 210 4028 clam
233 3966 375 4041 catillis,
400 3961 480 4027 illud
504 3986 543 4026 ex
569 3962 694 4026 librario
715 3962 854 4049 quodam
877 3960 980 4025 locum
1003 3961 1177 4048 corrigente

134 4051 309 4148 profectum
331 4050 466 4114 videtur.
512 4051 671 4114 Caeterum
693 4047 862 4113 consimilia
884 4047 932 4111 his
955 4048 1049 4112 verba
1069 4063 1177 4112 extant

134 4160 167 4200 in
189 4137 270 4200 libro
290 4138 349 4200 IV.
365 4138 461 4201 Advs.
483 4137 680 4200 Marcionem
703 4158 771 4222 cap.
785 4153 817 4220 5.
833 4135 914 4198 Dico
937 4135 1051 4222 itaque,
1074 4134 1177 4221 inquit

79 4226 87 4271 Γ
136 4223 363 4301 Tertullianus,
389 4224 477 4310 apud
504 4224 578 4286 illas
609 4220 764 4306 (ecclesias
790 4219 988 4307 apostolicas)
1014 4241 1070 4284 nec
1093 4222 1177 4285 solas

130 4313 200 4396 jam
220 4311 416 4397 apostolicas,
430 4311 486 4373 sed
505 4310 593 4396 apud
614 4310 792 4386 aniversae,
806 4330 876 4394 qua
893 4307 959 4370 illis
979 4307 1016 4370 de
1034 4309 1177 4372 societate
