2678 4830
163 342 207 409 94
490 337 881 402 TERTULLIANUS.

164 511 323 570 consularis
335 509 493 586 provincia
507 521 604 586 caput,
620 521 653 567 ut
666 509 850 567 notissimum
866 521 919 576 est,
935 508 1080 588 Carthago
1091 511 1203 568 Tertul-

163 609 234 667 liani
247 609 350 684 patria,
366 608 417 665 ubi
430 626 536 684 parens
554 610 617 684 ejus
636 617 669 664 ut
682 608 815 665 centurio
830 608 883 665 sub
902 609 1075 684 proconsule
1094 610 1203 684 stipen-

163 704 212 762 dia
224 705 341 762 meruit.

203 811 217 844 θ
238 803 346 858 Praeter
359 799 467 874 scripte
479 798 660 864 Tertulliani,
676 816 740 873 quoe
755 811 864 866 extant,
880 800 962 857 fuere
975 802 1050 858 liber
1060 803 1205 858 deAnimae

163 895 353 960 submissione,
369 894 442 950 alius
456 893 489 948 de
502 891 699 965 Superstitem
707 895 807 953 scails·
820 908 850 953 et
864 897 937 953 alius
952 899 984 953 de
1000 899 1087 954 Came
1100 909 1126 954 et
1136 900 1204 955 Ani-

162 1011 216 1059 mo,
232 1011 356 1068 quorum
369 991 470 1049 titulos
483 992 514 1049 in
529 989 730 1066 antiquissimo
744 993 845 1051 codice
858 993 1047 1071 Agebardino
1061 995 1203 1071 Rigaltius

160 1090 289 1166 reperit:
312 1101 376 1146 tum
389 1089 463 1147 liber
477 1091 510 1147 de
522 1090 579 1164 Spe
591 1088 735 1156 Fideliam,
750 1095 833 1169 cujus
846 1091 980 1148 meminit
995 1090 1202 1166 Hieronymus,

162 1205 258 1262 supra,
279 1206 305 1244 c.
321 1185 367 1244 18.
386 1197 416 1244 et
432 1189 466 1243 de
479 1187 511 1245 S.
525 1187 660 1243 iliaitote
675 1185 749 1260 Opus
767 1191 849 1264 cujus
864 1187 1013 1261 epitomen
1028 1206 1090 1244 esse
1104 1188 1202 1245 Nova-

162 1284 235 1342 tiani
252 1285 359 1342 librum
378 1284 509 1361 ejusdem
527 1283 693 1362 argumenti
711 1285 834 1341 affirmet
848 1303 874 1342 c.
888 1297 936 1358 70.
957 1296 987 1342 et
1005 1284 1073 1341 libri
1086 1284 1155 1341 VII.
1171 1286 1204 1340 de

161 1379 284 1445 Ecstass',
296 1379 333 1436 de
347 1378 452 1454 quibus
465 1376 595 1442 inferius,
608 1377 664 1435 hoc
677 1379 740 1456 ipso
755 1381 860 1457 capite.
883 1382 929 1438 De
942 1381 1065 1438 Vestibus
1073 1381 1201 1447 Aaroais,

161 1493 217 1533 nec
231 1494 291 1532 non
302 1477 334 1533 de
342 1474 512 1532 Animalibus
521 1474 626 1530 mundis
636 1483 663 1531 et
676 1476 826 1544 immundis,
840 1480 913 1535 etde
925 1479 1140 1544 Circumcisioae,
1153 1479 1203 1535 sed

161 1582 192 1629 et
208 1573 241 1628 de
254 1571 427 1647 Viryias'tate,
443 1588 567 1646 quorum
588 1572 794 1645 opusculorum
811 1575 898 1631 variis
918 1576 1116 1650 Epistolarum
1137 1594 1202 1630 sua-

160 1686 226 1724 rum
246 1669 317 1726 locis
338 1666 473 1725 meminit
492 1665 570 1723 idem
592 1665 799 1744 Hieronymus.
842 1671 880 1727 Et
901 1680 995 1728 contra
1008 1672 1201 1744 Apellisianos,

160 1765 334 1823 Vincentius
347 1764 446 1822 Lerin.
462 1783 489 1823 c.
503 1780 551 1835 24.
566 1763 801 1823 Commonitorii.
832 1767 871 1823 Et
885 1769 917 1823 de
929 1768 1066 1824 Paradiso
1080 1768 1201 1824 Tertull.

161 1879 187 1920 e.
201 1875 250 1936 55.
264 1862 303 1920 de
315 1861 440 1919 Anima:
461 1860 557 1918 Habes
577 1860 658 1917 etiam
675 1862 709 1918 de
720 1861 858 1920 Paradiso
877 1882 894 1918 a
914 1863 990 1919 nobis
1009 1864 1202 1938 libellumque

161 1959 344 2016 constituimus
361 1977 462 2015 onmem
478 1957 593 2015 animam
610 1958 684 2031 apud
699 1958 804 2032 efferos
822 1960 988 2034 sequestrari
1008 1960 1035 2015 in
1054 1962 1123 2016 dian
1141 1961 1201 2016 Do-

101 2122 109 2138 ·
160 2055 236 2114 mini.
277 2056 412 2131 Denique
429 2065 463 2111 ut
479 2054 559 2112 idern
576 2053 639 2130 ipse
653 2054 746 2119 testis,
762 2055 866 2114 Graeca
879 2056 1027 2131 opuscula,
1043 2058 1076 2112 de
1090 2058 1201 2130 Specto-

160 2153 238 2218 calis,
254 2155 287 2211 de
299 2153 449 2228 Baptismo,
466 2153 498 2209 de
510 2150 631 2208 velandis
647 2150 813 2226 Virpiaidas,
829 2164 860 2210 et
874 2154 906 2210 de
921 2153 1026 2210 Corona
1039 2153 1153 2210 Militis.

200 2246 303 2308 dMS.
325 2249 478 2307 Gemblac.
497 2248 660 2314 encardia,
682 2249 760 2322 opido
778 2250 879 2308 Italics.
914 2250 961 2308 Ad
981 2251 1059 2308 hunc
1080 2251 1202 2308 Paulum

161 2345 409 2404 Concordiensem
423 2344 554 2422 Epistola
568 2343 742 2421 Hieronymi
755 2347 812 2406 xxi.
826 2349 878 2408 &c

203 2451 216 2484 ⁰
236 2442 332 2501 Vetus
351 2459 459 2518 nempe
478 2441 556 2499 inter
575 2441 742 2516 Aquileiam
763 2455 794 2500 et
811 2443 954 2508 Altinum,
972 2463 1043 2511 non,
1060 2456 1094 2501 ut
1114 2445 1202 2522 vulgo

161 2542 353 2608 existimatur,
368 2541 543 2599 Mirandulae
557 2541 687 2599 vicinum
702 2540 851 2616 oppidum.
871 2540 940 2600 Vid.
951 2541 1044 2618 Epist.
1058 2542 1090 2597 in
1104 2553 1204 2598 nostra

160 2642 332 2700 recensione
344 2639 383 2696 X.
395 2639 599 2704 Vsnssnsrus,
614 2639 671 2716 Op.
687 2637 719 2696 S.
731 2638 904 2716 Hieronymi
917 2640 1012 2698 editor
1025 2658 1161 2715 nuperus.

202 2734 215 2778 ἴ
233 2738 345 2793 Mirum
364 2753 404 2791 ne
428 2735 520 2791 semel
540 2735 659 2808 quidem
677 2735 888 2795 Tertullianum
909 2737 992 2794 citari
1011 2737 1041 2793 in
1064 2735 1202 2812 Cypriani

162 2831 277 2906 scriptis
296 2849 360 2904 quae
380 2839 489 2894 extant,
504 2829 574 2885 licet
588 2830 787 2904 Hieronymus
801 2834 934 2908 Epistola
946 2833 996 2908 65.
1012 2833 1100 2890 etism
1114 2844 1201 2890 teste-

162 2939 211 2984 tur
223 2924 370 3000 Cypriani
392 2922 506 2995 scriptis
526 2922 653 2997 probari,
676 2923 754 2996 quod
774 2925 952 2985 Tertulliano
974 2929 1112 3006 magistro
1133 2948 1202 2986 usus

162 3021 260 3080 fuerit.
302 3021 356 3076 Pro
371 3018 406 3073 da
426 3018 594 3091 modistram,
610 3017 702 3074 codex
723 3015 838 3073 Gembl.
860 3029 976 3075 tantum
996 3022 1085 3078 habet
1103 3023 1202 3097 moyis-

162 3128 244 3184 iram,
260 3117 338 3194 quod
358 3112 483 3173 Snffiido
496 3113 575 3170 Petri
588 3113 704 3170 videtur
720 3112 937 3186 ἐμφατικώτερον,
953 3132 1008 3190 ego
1026 3117 1137 3174 librarii
1156 3139 1201 3176 os-

162 3215 280 3277 citantis
296 3213 452 3272 omissione
465 3210 600 3268 voculam
615 3211 649 3266 da
666 3207 767 3267 abesse
781 3227 842 3265 non
855 3210 968 3268 dubito.
1012 3213 1075 3284 (Ait
1088 3215 1201 3272 Vallar-

162 3312 231 3377 sius,
246 3311 380 3367 Fortasse
394 3312 475 3386 cujus
488 3305 687 3363 delectabatur
699 3305 828 3384 ingenio,
841 3307 967 3364 nominis
981 3309 1127 3367 declinare
1141 3323 1201 3368 stu·
1321 3369 1323 3372 .

160 3407 225 3465 duit
236 3406 402 3478 invidiam.)
1006 3480 1008 3484 .

202 3512 220 3556 e
239 3502 327 3558 Circa
338 3519 449 3557 annum
463 3497 572 3556 Christi
588 3510 654 3571 205.
669 3510 756 3557 natus
770 3519 862 3557 annos
876 3500 941 3576 plus
955 3501 1051 3559 minus
1065 3504 1103 3561 xl.
1146 3505 1202 3561 Per

162 3599 283 3657 elericos
296 3599 436 3655 &mense
451 3596 580 3654 ecclesioe
598 3597 797 3672 Zephyrinum
815 3616 921 3673 papam
939 3598 1122 3672 potissimum
1136 3611 1200 3656 tan·
1311 3597 1313 3600 ⁴

162 3713 230 3774 gere
250 3694 446 3769 Hieronymus
460 3692 585 3758 videtur,
599 3693 669 3750 licet
688 3713 746 3768 qua
764 3692 883 3756 demum
902 3712 1004 3751 caussa
1020 3696 1146 3752 offensus
1164 3697 1200 3752 ab

163 3811 199 3850 eo
217 3810 310 3865 usque
330 3791 403 3849 adeo
422 3789 509 3848 fuerit
521 3790 726 3855 Tertullianus,
741 3809 802 3847 non
816 3802 896 3848 certo
910 3802 1034 3849 constet.
1056 3791 1132 3849 Vide
1145 3792 1201 3847 Ba-

161 3889 279 3947 ronium
296 3888 332 3945 ad
346 3888 382 3945 A.
393 3887 427 3945 C.
443 3905 509 3944 201.
525 3888 552 3955 t.
569 3904 614 3944 10.
635 3898 665 3943 et
683 3888 901 3945 Tillemontium
918 3899 990 3945 tom.
1003 3888 1058 3945 III.
1072 3888 1199 3946 Memor.

164 3987 203 4046 H.
213 3987 249 4045 E.
268 4004 335 4062 pag.
350 3998 417 4059 215.
432 3983 501 4056 664.
517 4002 578 4058 seq.
614 3984 808 4041 Marcianaeus
823 3983 930 4041 edidit:
945 3985 1003 4041 Hic
1016 4004 1199 4060 usqae-per·

163 4084 269 4149 mansit,
285 4082 386 4140 invidio
393 4090 489 4157 postca
502 4082 555 4139 &c

202 4178 219 4222 ¹¹
232 4180 321 4237 Liber
333 4177 504 4236 Tertulliani
518 4179 551 4235 de
560 4177 709 4244 Pudicitia,
721 4177 754 4233 de
763 4175 882 4251 Fupaia
892 4176 1091 4244 Persecutioae,
1108 4179 1140 4234 de
1152 4178 1200 4235 Je-

156 4275 256 4349 juniis,
269 4286 300 4333 et
312 4274 487 4350 Monopams'a
508 4284 618 4340 extant,
633 4274 684 4332 sed
702 4272 852 4351 perierunt
869 4271 936 4329 libri
957 4284 1070 4348 septem
1089 4273 1125 4330 de
1142 4274 1197 4330 Ec-
