2678 4830
355 336 420 399 DE
444 334 846 408 PRAESCRIPTIONE
869 334 998 400 HAER.
1140 339 1203 401 155

153 519 190 579 et
208 505 368 604 ejusdem
388 507 519 606 regulae
536 506 736 579 doctrinam
756 507 927 605 apostolis
954 505 1044 580 meis
1062 505 1204 604 delega-

154 649 287 712 veram,
305 622 367 695 sed
388 649 500 720 quum
518 649 581 696 vos
600 648 674 695 non
697 619 797 723 (for.
813 621 950 696 delend.
972 623 1060 718 non)
1084 620 1204 695 crede-

154 740 250 829 retis,
268 738 375 812 libuit
391 739 481 812 mihi
499 752 623 840 postea
641 739 761 836 aliqua
778 738 863 811 inde
880 752 1031 814 mutare.
1069 738 1285 814 Reum-sm
1297 763 1331 812 va

155 855 350 929 rectionem
376 855 610 956 promiseram
629 855 738 927 etiam
757 854 896 929 camis:
924 855 987 929 sed
1010 854 1203 954 recogitavi

128 994 201 1055 sne
217 972 369 1072 implere
387 999 461 1046 non
475 999 630 1072 possem.
677 972 816 1046 Natum
836 998 896 1044 me
913 972 1140 1045 ostenderam
1159 998 1203 1044 ex
1213 997 1317 1048 Mutat

155 1089 315 1189 virgine:
343 1088 404 1161 sed
427 1101 553 1189 postea
574 1102 679 1188 turpe
698 1088 788 1160 mihi
807 1088 925 1160 visum
944 1101 1008 1162 est.
1060 1090 1202 1162 Patrem
1213 1112 1323 1163 Matov.

156 1205 329 1296 dixeram,
351 1204 414 1303 qui
438 1205 552 1278 sotem
577 1218 614 1278 et
636 1205 776 1304 pluvias
802 1203 912 1278 facit:
941 1203 1002 1277 sed
1030 1205 1121 1277 alius
1145 1231 1204 1278 me

156 1322 262 1395 Pater
291 1321 419 1395 melior
449 1320 643 1419 adoptavit.
695 1320 952 1393 Prohibueram
985 1348 1049 1395 vos
1080 1348 1203 1395 aurem
1213 1349 1333 1400 manvu

158 1438 430 1512 accommodare
447 1436 643 1511 haereticis:
662 1436 724 1509 sed
742 1437 865 1510 erravi.
890 1438 994 1511 Talia
1012 1442 1108 1537 capit
1124 1439 1205 1538 opi-

112 1555 233 1629 ionari
260 1581 331 1645 eos,
352 1553 415 1652 qui
444 1553 660 1639 exorbitant,
680 1565 717 1626 et
741 1552 824 1626 fidei
846 1552 944 1653 (for.
959 1555 1204 1628 exorbitantes

157 1672 243 1769 fide)
266 1671 436 1756 veritatis,
454 1670 655 1770 periculum
675 1697 747 1743 non
767 1682 905 1743 cavent.

208 1788 280 1861 Sed
306 1814 404 1861 nunc
430 1784 577 1883 quidem
604 1787 816 1885 generaliter
840 1798 959 1859 actum
979 1800 1034 1860 est
1057 1814 1077 1860 a
1100 1787 1205 1862 nobis
1249 1803 1332 1853 CAP-

159 1906 326 1979 adversus
351 1902 504 1975 baereses
525 1928 664 1991 omnes,
683 1903 787 1974 certis
809 1914 846 1975 et
863 1900 971 1998 justis
990 1915 1026 1975 et
1043 1930 1205 1978 necessa·

158 2022 217 2094 riis
239 2017 567 2121 praescriptiombus
590 2018 812 2118 repellendas
831 2045 850 2090 a
868 2018 1072 2092 conlatione
1096 2020 1205 2121 scrip·

115 2170 147 2229 15
159 2152 330 2212 turarum.
382 2135 442 2208 De
459 2133 610 2232 reliquo,
629 2136 658 2207 si
678 2134 749 2208 Dei
769 2135 882 2232 gratia
900 2136 1078 2226 annuerit,
1094 2137 1203 2210 etiam

159 2254 358 2357 specialiter
375 2251 591 2350 quibusdam
611 2250 919 2350 respondebimus.
967 2252 1059 2325 Haec
1077 2252 1112 2324 in
1132 2252 1205 2326 fide

1249 1868 1331 1918 xhv.

159 2370 317 2447 veritatis
343 2368 375 2441 ci
392 2422 497 2441 .....
524 2367 724 2465 legentibus
750 2391 823 2465 pax
848 2379 885 2439 et
910 2367 1024 2466 gratia
1050 2368 1202 2442 Domini

159 2485 270 2561 nostri
287 2486 313 2559 J
316 2511 379 2558 esu
398 2482 535 2555 Christi
553 2481 590 2554 in
610 2493 798 2555 aeternum.

382 2737 532 2788 CONTRA
550 2737 775 2788 HAERETICOS
793 2737 980 2787 EXPLICIT.
