2678 4830
319 345 384 409 DE
407 342 666 408 IDOLORUM
689 342 956 407 VANITATE.
1097 345 1162 412 259

116 517 201 591 victi
220 529 379 616 penates,
395 541 485 614 quos
498 515 634 588 AEneas
651 514 826 613 profugus
844 513 998 587 advexit.
1041 513 1109 588 Est
1126 527 1162 586 et

116 635 240 709 Venus
269 635 369 707 calva
399 632 515 706 multo
541 631 602 704 hic
628 630 768 729 turpius
800 630 900 703 calva
929 657 1038 727 quam
1066 629 1163 729 apud

117 749 324 822 Homerum
342 749 537 821 vulnerata.

169 864 241 938 ΙΙΙ.
269 863 399 962 Regna
418 876 537 935 autem
558 889 630 934 non
647 861 775 935 merito
792 860 972 950 accidunt,
989 860 1051 934 sed
1070 872 1164 933 sorte

91 979 311 1069 5variantur.
362 978 545 1051 Caetcrum
576 978 768 1077 imperium
799 991 882 1050 ante
909 990 1102 1051 tenuerunt
1127 988 1164 1048 et

118 1096 257 1195 Assyrii
283 1107 320 1167 et
346 1094 450 1167 Medi
476 1108 513 1168 et
538 1096 664 1183 Persae,
688 1108 725 1167 et
748 1095 894 1168 Graecos
914 1107 951 1167 et
967 1093 1163 1192 AEgyptios

120 1239 286 1310 regnasse
313 1210 558 1309 cognovimus.
605 1211 662 1283 lta
681 1211 817 1284 vicibus
835 1223 1054 1310 potestatum
1075 1209 1165 1281 vari-

122 1328 276 1414 antibus,
304 1327 478 1400 Romanis
502 1352 647 1423 quoque
673 1339 776 1400 utet
803 1327 938 1400 caeteris
962 1324 1164 1425 imperandi

121 1456 265 1543 tempus
289 1442 446 1516 obvenit.
498 1442 678 1515 Caeterum
706 1442 734 1514 si
762 1442 805 1515 ad
831 1443 1006 1542 originem
1031 1441 1166 1531 redeas,

78 1562 321 1634 10erubescas.
360 1559 519 1658 Populus
537 1558 582 1631 de
599 1559 777 1632 sceleratis
795 1572 832 1632 et
848 1559 1062 1632 nocentibus
1080 1585 1167 1631 con-

123 1689 300 1774 gregatur,
318 1689 355 1748 et
378 1675 478 1773 asylo
503 1676 699 1749 constituto
717 1675 808 1750 facit
831 1702 1023 1749 numerum
1048 1675 1168 1774 impu·

123 1793 216 1865 nitas
234 1792 440 1865 criminum.
482 1790 594 1864 Nunc
611 1804 652 1864 ut
669 1817 730 1865 rex
748 1792 826 1890 ipse
842 1792 1084 1892 principatum
1104 1790 1169 1863 ha-

124 1909 208 1981 beat
231 1907 275 1981 ad
299 1905 460 1997 crimina,
483 1909 525 1980 fit
548 1907 728 1981 Romulus
752 1907 938 2008 parricida.
981 1906 1103 2005 Atque.
1127 1919 1169 1980 ut

125 2024 397 2097 matrimonium
415 2023 561 2115 faciant,
578 2051 653 2096 rem
673 2023 873 2097 coneordiae
895 2050 959 2123 per
976 2021 1169 2095 discordias

81 2169 114 2229 15
126 2140 366 2240 auspicantur.
418 2139 593 2238 Rapiunt‚
611 2139 800 2228 ferociunt,
816 2139 947 2211 fallunt
965 2137 1008 2210 ad
1026 2138 1168 2237 copiam

126 2256 279 2329 civitatis
304 2253 516 2354 augendam.
566 2254 718 2354 Nuptiae
736 2267 820 2327 sunt
837 2254 907 2326 illis
925 2266 1030 2353 rupta
1048 2254 1170 2352 hospi-

126 2371 167 2444 tii
184 2370 321 2445 foedera
339 2386 476 2442 etcum
495 2369 624 2442 soceris
643 2369 736 2442 bella
753 2369 921 2443 crudelia.
953 2370 1023 2444 Est
1039 2382 1075 2442 et
1092 2397 1172 2469 gra-

128 2487 195 2559 dus
214 2511 377 2560 summus
395 2485 435 2557 in
453 2485 630 2558 Romanis
647 2486 844 2559 honoribus
862 2487 1090 2559 consulatus:
1121 2485 1172 2559 sic

129 2601 357 2675 consulatum
377 2601 531 2700 coepisse
548 2600 712 2673 videmus
731 2617 773 2674 ut
790 2627 953 2700 regnum.
989 2601 1101 2674 Filios
1119 2600 1173 2673 in-

83 2718 261 2791 20terficit
286 2717 422 2790 Brutus
445 2732 487 2789 ut
509 2730 645 2790 crescat
661 2716 706 2790 de
723 2717 890 2817 suffragio
914 2717 1055 2791 sceleris
1073 2743 1174 2790 corn-

130 2832 313 2908 mendatio
331 2831 527 2931 dignitatis.
553 2832 639 2906 Non
657 2860 742 2933 ergo
759 2832 804 2907 de
821 2833 1054 2934 religionibus
1073 2859 1175 2906 sanc-

129 2951 187 3038 tis,
200 2976 267 3022 nec
284 2948 330 3021 de
348 2948 515 3048 auspiciis
533 2961 595 3022 aut
612 2949 770 3048 auguriis
788 2950 955 3024 Romana
971 2976 1081 3050 regna
1097 2976 1175 3024 cre-

130 3079 282 3149 verunt;
302 3065 363 3138 sed
382 3079 570 3165 acceptum
587 3079 732 3165 tempus
751 3080 848 3140 certo
866 3069 939 3140 fine
956 3066 1173 3141 custodiunt.

132 3182 315 3255 Caeterum
329 3194 366 3255 et
380 3181 542 3281 Regulus
556 3181 717 3280 auspicia
731 3182 893 3272 servavit,
906 3196 943 3256 et
960 3195 1086 3282 captus
1104 3195 1174 3266 est;

86 3323 121 3385 25
132 3312 169 3371 et
185 3298 380 3372 Mancinus
393 3297 602 3397 religionem
621 3297 750 3387 tenuit,
764 3313 801 3371 et
818 3299 885 3393 sub
898 3297 1029 3397 jugum
1046 3297 1176 3370 missus

132 3428 197 3488 est.
249 3414 370 3487 Pullos
394 3412 520 3487 edaces
544 3413 677 3487 Paulus
703 3414 841 3501 habuit,
860 3428 895 3487 et
919 3414 1015 3514 apud
1032 3414 1177 3488 Cannas

131 3543 254 3603 tamen
282 3557 398 3604 caesus
428 3542 491 3603 est.
543 3529 586 3602 C.
605 3529 728 3602 Caesar
757 3557 802 3603 ne
831 3544 914 3604 ante
944 3533 1110 3604 brumam
1139 3532 1176 3603 in

133 3646 293 3719 Africam
317 3645 459 3745 navigia
482 3645 739 3719 transmitteret
765 3646 921 3745 auguriis
948 3660 985 3720 et
1010 3647 1178 3747 auspiciis

134 3762 382 3853 renitentibus,
396 3762 540 3861 sprevit,
553 3775 589 3835 et
606 3788 649 3835 eo
666 3762 804 3835 facilius
819 3776 855 3836 et
875 3762 1056 3862 navigavit
1073 3776 1110 3836 et
1126 3762 1179 3836 vi-

88 3876 195 3960 gocit.
247 3877 391 3951 Horum
412 3892 531 3953 autem
551 3879 716 3951 omnium
734 3879 825 3952 ratio
842 3893 897 3953 est
911 3880 974 3953 illa
990 3906 1071 3978 quae
1087 3878 1180 3951 fallit

135 4005 173 4065 et
196 3992 341 4094 decipit,
363 4008 401 4068 et
421 3995 609 4095 praestigiis
636 3996 858 4071 coecantibus
876 3996 1075 4084 veritatem,
1093 3995 1180 4067 stul-

136 4120 216 4182 tum
238 4122 274 4182 et
294 4109 479 4184 credulum
498 4112 628 4212 vulgus
654 4111 815 4187 inducit:
846 4113 993 4215 spiritus
1017 4124 1102 4185 sunt
1125 4111 1180 4183 in-

138 4224 262 4297 sinceri
287 4238 323 4298 et
345 4229 438 4325 vagi,
455 4227 516 4325 qui
541 4242 665 4327 postea
688 4255 797 4326 quarn
823 4229 969 4302 terrenis
992 4228 1088 4301 vitiis
1114 4227 1181 4302 im-

654 4367 668 4407 s
686 4361 704 4410 2
