2678 4830
151 307 216 371 280
532 304 819 370 FIRMILIANI

151 489 344 550 venturum
371 473 552 572 quendam
579 503 744 550 aversum
767 491 804 550 et
829 489 1042 551 tentatorem
1071 473 1204 549 infide·

151 594 235 668 lem.
302 591 443 666 Tamen
472 583 533 666 ille
563 594 740 666 exorcista
769 594 962 693 inspiratus
988 587 1059 666 Dei
1086 591 1204 690 gratia

151 707 291 784 fortiter
307 709 450 800 restitit,
467 722 504 782 et
527 736 604 782 esse
627 709 731 783 illum
750 711 1012 807 nequissimum
1032 708 1200 806 spiritum

152 825 215 924 qui
245 824 344 924 prius
373 838 517 898 sanctus
549 825 744 923 putabatur
773 825 942 899 ostendit.
993 823 1106 921 Atqui
1137 823 1203 896 illa

152 941 294 1031 mulier,
311 967 392 1039 quae
410 940 508 1040 prius
532 967 596 1039 per
619 940 817 1040 praestigias
834 956 871 1015 et
888 940 1046 1014 fallacias
1063 939 1200 1012 daemo-
1209 965 1228 1028 5

84 1041 87 1045 ’
152 1056 221 1148 nis,
236 1058 352 1131 multa
368 1057 413 1131 ad
436 1055 688 1156 deceptionem
712 1057 876 1132 fidelium
900 1057 1129 1147 moliebatur,
1145 1056 1201 1130 in·

152 1186 208 1248 ter
225 1187 341 1248 cetera
358 1174 489 1273 quibus
507 1173 681 1272 plurimos
699 1173 899 1270 deceperat,
916 1173 1026 1246 etiam
1045 1172 1115 1245 hoc
1131 1171 1202 1244 fre-

152 1303 304 1389 quenter
321 1316 407 1363 ausa
424 1302 490 1375 est,
508 1303 548 1362 ut
565 1302 602 1363 et
622 1289 850 1363 invocatione
867 1316 940 1363 non
958 1287 1200 1363 contemtibili

152 1406 376 1479 sanctificare
394 1432 433 1478 se
450 1430 580 1504 panem
595 1419 633 1478 et
649 1404 902 1478 eucharistiam
920 1404 1038 1477 facere
1055 1402 1202 1476 simula·

151 1534 219 1612 ret,
236 1534 272 1595 et
296 1521 510 1595 sacrificium
534 1521 698 1595 Domino
715 1548 789 1594 non
810 1521 886 1593 sine
904 1533 1126 1595 sacramento
1144 1545 1201 1591 so-
1215 1552 1254 1590 10

152 1636 228 1710 litae
243 1636 505 1735 praedicationis
521 1638 678 1721 offerret;
697 1637 895 1736 baptizaret
907 1662 1053 1733 quoque
1065 1636 1201 1709 multos

152 1752 284 1825 usitata
311 1766 348 1825 et
376 1752 539 1852 legitima
563 1755 672 1826 verba
697 1751 985 1851 interrogationis
1011 1778 1200 1850 usurpans,

152 1878 194 1939 ut
222 1867 272 1938 nil
299 1866 499 1964 discrepare
524 1867 570 1939 ab
599 1868 839 1941 ecclesiastica
861 1869 984 1966 regula
1010 1867 1200 1942 videretur.

152 1981 252 2065 Quid
278 1982 388 2082 igitur
412 1983 457 2056 de
484 1981 593 2080 hujus
623 1983 806 2083 baptismo
835 1983 1009 2072 dicemus,
1035 2009 1109 2081 quo
1137 2011 1202 2057 ne-

152 2099 346 2196 quissimus
363 2098 507 2174 daemon
526 2126 589 2198 per
612 2100 800 2174 mulierem
828 2099 1049 2200 baptizavit?
1090 2100 1198 2174 Nun·
1214 2127 1250 2189 15

152 2215 240 2319 quid
257 2230 294 2289 et
310 2217 381 2289 hoc
398 2216 616 2315 Stephanus,
634 2229 671 2290 et
687 2216 751 2314 qui
774 2216 826 2289 illi
850 2217 1080 2291 consentiunt
1102 2243 1201 2290 corn·

152 2332 329 2429 probant?
356 2332 515 2405 maxime
532 2332 590 2407 cui
609 2360 676 2409 nec
693 2335 898 2432 symbolum
917 2333 1116 2423 Trinitatis,
1132 2359 1200 2407 nec

152 2447 383 2548 interrogatio
400 2449 563 2549 legitima
580 2464 617 2524 et
637 2450 878 2525 ecclesiastica
897 2450 1035 2524 defuit?
1077 2451 1202 2522 Potest

69 2582 74 2615 r
151 2563 246 2638 credi
265 2577 328 2638 aut
344 2565 507 2640 remissio
525 2580 754 2665 peccatorum
768 2567 864 2656 data,
880 2579 943 2639 aut
959 2566 1088 2640 lavacri
1107 2565 1200 2638 salu-

151 2681 236 2756 taris
262 2682 483 2780 regeneratio
508 2683 575 2756 rite
601 2682 771 2782 perfecta,
796 2683 859 2757 ubi
886 2684 1009 2757 omnia
1035 2682 1199 2781 quamvis
1211 2715 1252 2754 20

152 2796 197 2873 ad
221 2796 418 2894 imaginem
444 2799 615 2884 veritatis,
633 2813 756 2873 tamen
780 2827 845 2899 per
867 2800 1071 2873 daemonem
1098 2812 1201 2898 gesta

152 2913 260 2986 sunt?
294 2913 361 2986 nisi
397 2913 426 2986 si
462 2926 499 2988 et
527 2913 730 2988 daemonem
766 2916 804 2989 in
834 2915 981 2989 nomine
1010 2917 1135 3005 Patris,
1163 2929 1201 2988 θῖ

152 3025 248 3116 Filii,
274 3039 309 3099 et
333 3027 488 3127 Spiritus
514 3028 650 3119 Sancti,
677 3030 827 3127 gratiam
857 3029 1029 3130 baptismi
1059 3030 1201 3103 dedisse

152 3142 387 3233 contendunt,
412 3145 474 3243 qui
502 3145 753 3219 haereticorum
781 3147 961 3246 baptisma
989 3145 1199 3219 defendunt.

152 3256 262 3358 Apud
289 3285 380 3356 quos
406 3259 482 3333 sine
507 3259 620 3334 dubio
646 3260 743 3334 idem
773 3289 869 3334 error
895 3275 960 3350 θεῖ,
986 3260 1246 3359 daemonums5

152 3374 292 3454 fallacia
308 3367 384 3473 ipsa
402 3389 477 3461 est;
503 3376 649 3474 quando
667 3377 763 3476 apud
780 3377 860 3451 illos
876 3377 1026 3450 omnino
1044 3377 1198 3475 Spiritus

131 3488 307 3561 'Sanctus
332 3518 403 3564 non
428 3505 492 3565 est.
544 3493 643 3566 Illud
667 3495 777 3582 etiam
800 3495 906 3592 quale
923 3505 988 3583 est,
1005 3492 1103 3589 quod
1121 3493 1200 3566 vult

153 3604 371 3702 Stephanus,
390 3607 446 3680 his
464 3608 528 3704 qui
550 3608 646 3708 apud
671 3610 857 3684 haereticos
880 3610 1121 3709 baptizantur,
1139 3607 1200 3681 ad·
1236 3654 1237 3657 =

152 3745 229 3792 esse
246 3722 474 3819 presentiam
493 3736 530 3796 et
551 3725 828 3800 sanctimoniam
847 3726 1009 3800 Christi?
1052 3725 1151 3799 Nam
1170 3724 1200 3797 si

13 3862 227 3931 21.ffi,27.uon
244 3838 419 3912 mentitur
431 3841 614 3938 apostolus
627 3840 771 3916 dicens:
793 3844 984 3940 Quotquot
1000 3842 1037 3913 in
1053 3839 1201 3915 Christo
1208 3871 1249 3930 30

152 3952 256 4028 tincti
280 3953 375 4046 estis,
392 3956 581 4030 Christum
606 3956 796 4046 induistis;
823 3959 949 4056 utique
973 3958 1036 4056 qui
1063 3958 1137 4031 illic
1163 3958 1200 4029 in

153 4071 299 4145 Christo
324 4072 528 4172 baptizatus
542 4086 617 4165 est,
639 4073 757 4150 induit
780 4074 991 4149 Christum:
1019 4074 1048 4147 si
1075 4088 1199 4149 autern

152 4186 271 4282 induit
287 4187 487 4280 Christum,
505 4187 667 4290 accipere
684 4191 804 4291 potuit
824 4203 862 4264 et
885 4189 1061 4290 Spiritum
1088 4193 1199 4266 Sane·
