2678 4830
176 315 241 380 lau
487 316 492 324 '
531 313 875 381 TERTULLIANI

13 505 133 556 amnt
176 512 222 560 an
241 485 336 560 illius
354 483 652 576 denuntiationis,
669 487 715 562 de
733 512 805 584 qua
822 487 887 561 ait:
906 485 1019 562 Hono
1036 489 1230 566 denuntio·

15 614 147 670 tunsa
176 604 307 678 tionem
338 604 542 678 commendo
569 605 672 704 opud
697 614 744 696 te,
762 600 835 704 fili
869 604 1089 680 Timotbee?
1131 607 1229 682 Item

174 720 270 795 illius
287 720 474 820 praecepti,
486 719 531 794 de
545 746 619 820 quo
632 722 694 812 ait,
708 721 899 795 Denuntio
912 720 981 795 tibi
992 733 1077 797 onte
1089 724 1228 813 Deum,

174 838 240 939 qui
259 834 423 938 vivificat
444 838 576 924 omnio,
595 848 631 912 et
645 839 777 912 desum
799 837 998 927 Christum,
1015 841 1081 939 qni
1100 839 1230 942 teufi-

175 965 280 1029 cotus
296 965 350 1029 est
365 955 432 1029 sub
453 955 585 1029 Pontio
603 955 731 1031 Pilato
750 955 878 1030 honam
898 953 1167 1054 confesssionem,
1184 968 1256 1046 uls

176 1072 357 1148 custodias
376 1083 611 1170 proseptum.
656 1073 765 1156 Quod
791 1084 912 1145 autem
937 1086 1173 1172 praeceptum‚
1190 1089 1230 1149 et

175 1215 259 1288 quae
279 1189 529 1263 denuntiatio?
569 1190 628 1262 Ex
648 1215 754 1288 supra
771 1201 809 1262 et
826 1188 917 1262 infra
935 1189 1076 1288 scriptis
1094 1191 1230 1264 intelli·

175 1317 291 1405 getur,
308 1331 382 1377 non
405 1304 527 1378 nescio
548 1304 635 1403 quid
660 1303 869 1378 subostendi
896 1304 967 1377 hoc
987 1304 1086 1378 dicto
1106 1305 1151 1379 de
1175 1333 1229 1380 re-

174 1422 328 1495 motiore
354 1421 527 1512 doctrina,
553 1422 614 1495 sed
640 1421 762 1522 potius
789 1421 960 1494 inculcari
987 1420 1032 1494 de
1060 1449 1132 1494 non
1164 1423 1229 1496 ad-

175 1536 353 1610 mittenda
375 1537 443 1610 alia
465 1552 595 1636 praeter
619 1564 714 1628 eam,
737 1563 849 1635 quam
876 1535 1036 1610 audierat
1062 1540 1108 1610 ab
1134 1538 1226 1638 ipso,
1241 1572 1278 1612 ιο

61 1670 67 1682 ·
94 1668 138 1717 ·i1'·
175 1666 213 1726 et
230 1668 319 1751 puto
336 1653 471 1752 palam:
494 1656 629 1727 Corum
646 1653 781 1740 multis,
795 1654 923 1752 inquit,
938 1654 1098 1728 testibus.
1125 1655 1228 1738 Quos

175 1771 311 1843 multos
331 1782 450 1860 testes,
469 1770 497 1842 si
516 1772 646 1842 nolunt
665 1771 853 1843 ecclesiam
878 1771 1042 1870 intelligi,
1060 1771 1151 1844 nihil
1170 1771 1227 1844 in-

174 1899 304 1970 terest;
333 1886 478 1984 quando
501 1886 591 1959 nihil
620 1887 772 1960 tacitum
793 1887 913 1977 fuerit,
930 1888 1030 1984 quod
1046 1891 1114 1962 sub
1132 1891 1227 1962 mul-

173 2003 221 2077 tis
243 2004 395 2077 testibus
418 2003 676 2103 proferebatur.
728 2004 800 2077 Sed
818 2031 886 2078 nec
907 2005 994 2103 quia
1016 2006 1119 2078 illum
1150 2032 1227 2079 mo·
1274 2089 1278 2095 ὁ

42 2132 73 2179 '·
173 2133 236 2193 net
262 2119 335 2194 lure
345 2117 528 2220 fidelibus
548 2119 752 2194 bominibus
774 2121 1003 2206 demandare,
1022 2122 1087 2220 qui
1107 2121 1273 2213 idonei15

173 2238 248 2311 siat
267 2249 302 2311 et
320 2237 412 2311 ulios
429 2237 556 2311 docere
566 2271 579 2322 ,-
607 2237 643 2310 id
661 2264 807 2335 qnoque
825 2235 870 2310 ad
892 2251 1147 2336 argumentum
1167 2264 1227 2313 oc-

174 2355 261 2428 eulti
288 2354 439 2451 alicujus
467 2355 642 2455 evangelii
670 2355 979 2454 interpretandum
1008 2368 1073 2427 est.
1125 2354 1226 2428 Num

174 2499 257 2545 eum
283 2472 381 2565 dicit,
399 2473 484 2564 luae,
502 2472 546 2546 de
572 2473 623 2546 eis
649 2473 751 2562 dicit,
771 2472 817 2545 de
838 2473 970 2570 quibus
995 2472 1032 2544 in
1057 2471 1226 2571 praesenti

175 2590 372 2663 scribebat:
398 2590 444 2664 de
461 2591 611 2664 occultis
633 2604 754 2663 autern
775 2604 815 2663 ut
838 2590 883 2662 de
900 2589 1108 2663 absentibus
1127 2591 1225 2689 apud

174 2707 444 2791 conscientiam,
464 2734 536 2780 non
555 2708 638 2797 leuc,
656 2707 717 2780 sed
736 2706 805 2780 illa
823 2706 984 2780 dixisset.
1236 2737 1278 2778 oo

225 2824 334 2896 Porro
357 2850 579 2922 consequens
597 2837 684 2914 erat,
702 2837 744 2897 ut
766 2823 824 2897 cui
851 2823 1094 2897 demandabat
1117 2848 1226 2895 evan·

175 2939 259 3038 getii
287 2939 646 3030 administrationem,
669 2967 741 3013 non
769 2941 900 3040 passim
930 2968 997 3014 nec
1023 2940 1226 3013 inconside-

175 3073 250 3131 rate
280 3055 602 3131 administrandam
627 3056 807 3153 adjiceret,
834 3056 1032 3131 secundum
1057 3056 1226 3130 Domini-

176 3203 256 3249 cam
271 3201 395 3249 vocem
399 3233 410 3267 ,
423 3201 469 3248 ne
485 3176 730 3276 margaritum
745 3175 878 3272 porcis,
892 3185 928 3247 et
944 3185 1113 3248 sanctum
1126 3174 1226 3247 coni·

154 3303 159 3316 ’
176 3294 426 3393 baujucturet.
452 3293 635 3366 Dominus
652 3295 774 3393 palam
793 3292 918 3383 edixit,
933 3292 1009 3365 sine
1025 3292 1099 3364 ulla
1116 3291 1269 3390 signi-25

42 3442 57 3474 a
97 3441 121 3474 ¹·
175 3411 344 3484 ficatione
366 3410 517 3508 alicujus
541 3410 642 3484 taciti
666 3409 890 3484 sacramenti.
943 3409 1028 3509 Ipse
1045 3433 1226 3508 praecepe-

175 3539 241 3616 rat,
260 3526 288 3599 si
317 3526 404 3624 quid
429 3527 465 3599 in
493 3528 649 3600 tenebris
673 3528 771 3600 etin
797 3525 1009 3599 abscondito
1032 3524 1226 3613 audissent,

65 3689 71 3703 ·
101 3654 133 3702 '·
176 3643 212 3716 in
232 3644 312 3715 luce
330 3657 366 3715 et
383 3643 420 3715 in
438 3644 542 3716 tectis
564 3642 811 3742 predicarent.
863 3644 948 3743 Ipse
969 3670 1034 3742 per
1057 3641 1226 3715 similitu-

173 3760 299 3835 dinem
337 3763 637 3858 praefiguraverat,
671 3788 717 3833 ne
757 3787 869 3834 unam
911 3786 1049 3850 mnam,
1083 3759 1120 3832 id
1160 3770 1225 3848 est,

174 3901 286 3949 unum
314 3877 463 3949 verbum
492 3875 579 3971 ejus,
606 3877 683 3950 sine
711 3877 828 3951 fructu
855 3877 892 3949 in
921 3875 1044 3950 abdito
1070 3902 1272 3963 reserva-30

174 4006 264 4068 rent.
312 3993 395 4092 Ipse
413 3992 578 4084 docebat,
596 3995 779 4067 lucernam
798 4021 871 4066 non
890 3994 958 4066 sub
976 3993 1142 4067 modium
1162 3993 1224 4065 ab·

41 4158 56 4189 a
77 4157 119 4189 .v.
174 4111 287 4185 strudi
312 4111 435 4198 solere,
457 4108 519 4182 sed
545 4111 582 4182 in
609 4110 863 4184 candelabrum
890 4108 1073 4195 constitui,
1101 4119 1143 4182 ut
1168 4106 1224 4180 lu-

79 4257 112 4305 tv.
176 4240 256 4303 cent
272 4229 444 4314 omnibus,
462 4228 582 4328 quiin
600 4229 703 4302 domo
719 4237 815 4302 urar.
870 4225 963 4299 Haec
987 4225 1141 4324 apostoli
1161 4238 1224 4299 aut
