2678 4830
127 302 170 369 60
488 305 521 368 S.
537 305 804 370 HIPPOLYTI

126 477 298 555 δείκνυται
322 476 405 576 ἡμῖν
429 477 633 584 συμφώνως
657 479 830 582 εἰρημένα.
881 476 945 563 Εἷς
971 477 1044 584 γὰρ
1073 481 1165 568 Θεός

125 607 225 684 ε’στιν
246 599 276 713 ᾧ
296 608 351 683 δεῖ
367 605 559 704 πιστεύειν,
584 607 668 685 ἀλλ’
689 607 872 707 ἀγένιπος,
894 605 1049 707 ἀπαθὴς,
1071 608 1163 689 ἀθοῖ·

306 730 318 756 t
477 739 492 756 n
554 736 563 760 ε
711 728 725 759 ὁ
805 733 816 761 Ι
993 732 1004 763 l
1086 738 1098 764 t

126 767 244 830 νατος,
265 766 383 811 παντα
405 767 517 813 ποιων
541 769 589 817 ως
613 734 685 842 (for.
705 731 746 838 α)
771 738 881 831 θελει,
910 740 1026 819 καθως
1052 741 1163 837 θελει,

125 859 184 940 dre
201 861 307 940 θέλει.
357 861 408 939 Τί
426 861 488 940 οὖν
510 857 602 965 πρὸς
626 869 739 940 ταῦτα
758 859 933 962 τολμήσει
956 861 1098 963 Νόητος
1114 863 1165 965 μὴ

175 997 192 1014 ι.
268 987 280 1016 s
344 991 352 1016 ι
391 987 401 1016 ν
557 990 565 1015 2
687 986 697 1014 s
746 989 762 1025 ς
812 990 830 1020 ν
937 992 949 1021 s
985 992 994 1016 e
1073 989 1082 1017 ν

126 1024 216 1070 νοων
240 1025 305 1089 την
332 994 525 1088 αληθειαν,
568 993 702 1088 Επειδη
721 1023 782 1068 ουν
803 993 871 1090 ηδη
892 1025 950 1069 και
978 1026 998 1070 ο
1025 996 1189 1092 Νοητος5

125 1116 396 1222 ἀνατέτραπται,
423 1116 582 1216 ἔλθωμεν
607 1119 667 1197 ἐπὶ
695 1115 761 1216 τὴν
784 1122 848 1216 τῆς
875 1120 1043 1218 ἀληθείας
1071 1117 1163 1199 ἀπό-

125 1246 249 1353 δειξιν,
265 1247 324 1327 ἵνα
340 1244 583 1345 συστήσωμεν
599 1243 664 1345 τὴν
682 1243 861 1344 ἀλήθειαν.
894 1248 971 1326 καθ
988 1247 1031 1347 ἧς
1048 1254 1166 1327 παῖσαι

124 1383 297 1454 τοσαῦται
314 1373 465 1478 αἱρέσεις
486 1374 690 1476 γεγένηνται
707 1372 816 1472 μηδὲν
834 1370 1023 1473 δυνάμεναι
1041 1381 1161 1455 εἰπεῖν.

183 1500 230 1581 θ.
273 1500 336 1586 Εἷς
368 1501 474 1600 Θεὸς,
510 1499 550 1581 ὂν
582 1502 644 1580 οὐκ
676 1500 833 1580 ἄλλοθεν
864 1501 1162 1603 ἐπιγινώσκομεν,

124 1631 289 1736 ἀδελφοὶ,
309 1626 333 1729 ἢ
353 1629 438 1737 (ἐκ)
457 1636 529 1709 τῶν
547 1629 657 1729 ἁγίων
679 1636 842 1737 γραφῶν.
884 1626 961 1710 Ὃν
982 1628 1055 1735 γὰρ
1076 1629 1162 1736 τρό-
1176 1669 1206 1708 ιο

122 1792 193 1836 πον
217 1755 277 1837 ἐοίν
301 1792 354 1842 τις
377 1763 541 1862 βουληθῇ
565 1754 630 1856 τὴν
654 1758 791 1864 σοφίαν
811 1765 874 1837 τοῦ
897 1763 1022 1843 αἰῶνος
1039 1758 1165 1840 τούτου

123 1888 261 1983 ἀσκεῖν,
283 1887 345 1964 οὐκ
370 1885 493 1971 ἄλλως
518 1884 705 1986 δυνήσεται
729 1883 855 1964 τούτου
878 1892 1010 1989 τυχεῖν,
1032 1884 1095 1966 ἐὰν
1113 1885 1164 1988 μὴ

124 2011 282 2115 δόγμασι
310 2012 527 2123 φιλοσόφων
555 2012 696 2119 ε’ντθχη,
732 2011 795 2093 τὸν
825 2013 931 2094 αὐτὸν
960 2013 1004 2113 δὴ
1031 2013 1165 2120 τρόπον

123 2139 205 2220 ὅσοι
242 2141 461 2236 Θεοσέβειαν
492 2142 614 2220 ἀσκεῖν
653 2139 874 2241 βουλόμεθα,
908 2143 971 2223 οὐκ
1007 2143 1165 2224 α”λλοθεν

123 2265 332 2368 ἀσκήσομεν
350 2266 372 2368 ἢ
391 2271 429 2347 ἐκ
446 2274 518 2347 τῶν
535 2268 670 2368 λογίων
687 2276 750 2347 τοῦ
770 2273 877 2347 Θεοῦ.
920 2266 1028 2349 Ὅσα
1045 2271 1164 2352 τοίνυν
1175 2306 1204 2368 15

123 2395 370 2500 κηρύσσουσιν
388 2401 424 2475 αὶ
442 2402 531 2476 θεῖαι
548 2399 700 2502 γραφαὶ,
721 2395 864 2495 ἴδωμεν,
885 2399 943 2477 καὶ
965 2396 1039 2477 ὅσα
1060 2399 1162 2478 διδά-

123 2559 289 2624 σκουσιν,
311 2528 529 2628 Δε’πιγνῶμεν,
561 2527 618 2604 καὶ
646 2528 693 2611 ὡς
721 2523 816 2603 θέλει
847 2523 965 2629 πατὴρ
992 2527 1160 2606 πιστεύε-

122 2658 224 2750 σθαι,
251 2652 515 2753 πιστειίσωμεν,
546 2658 604 2732 καὶ
631 2656 679 2739 ὡς
706 2651 802 2731 θέλει
830 2650 904 2732 υἱὸν
932 2650 1161 2758 δοξάζεσθαι,

122 2778 348 2884 δοξάσωμεν,
376 2782 433 2858 καὶ
460 2782 508 2863 ὡς
538 2780 633 2858 θέλει
659 2788 798 2879 πνεῦμα
825 2776 927 2881 ἅγιον
955 2783 1161 2884 δωρεῖσθαι,

121 2938 207 2996 nobis
218 2949 295 3003 sunt,
307 2938 343 2995 de
356 2938 459 3013 quibus
469 2938 546 2994 inter
560 2956 622 2993 om·
663 2958 738 3003 mus,
755 2957 842 3013 quam
858 2957 893 2995 ex
911 2940 1019 2997 sanctis
1034 2940 1164 3018 Scriptu-

122 3038 175 3077 nes
195 3019 342 3077 convenit.
385 3018 469 3074 Unus
488 3019 565 3074 enim
581 3030 624 3075 est
663 3019 712 3075 ris.
754 3020 1008 3088 Quemadmodum
1033 3023 1113 3080 enim
1140 3024 1165 3080 si

121 3101 210 3166 Deus,
226 3100 273 3157 cui
290 3099 407 3157 credere
426 3109 551 3175 oportet,
571 3098 622 3156 sed
662 3099 726 3174 quis
753 3101 842 3158 vellet
874 3102 1047 3177 sapientiam
1078 3104 1164 3182 hujus

121 3181 278 3261 ingenitus,
303 3181 480 3257 impatibilis,
503 3181 621 3237 immor-
663 3182 761 3238 saeculi
775 3201 919 3248 exercere,
935 3202 994 3240 non
1009 3183 1095 3241 aliter
1107 3185 1164 3242 hoc

121 3265 196 3331 talis,
212 3265 262 3340 qui
276 3263 375 3321 omnia
387 3261 456 3321 facit
470 3282 534 3338 quae
548 3262 621 3327 vult,
663 3264 801 3338 consequi
819 3265 936 3339 poterit,
952 3264 1008 3321 nisi
1027 3265 1165 3343 dogmata

120 3346 196 3404 sicut
205 3346 278 3412 vult,
289 3357 319 3403 et
330 3345 446 3420 quando
456 3344 529 3401 vult.
544 3342 623 3412 Quid
663 3345 898 3421 philosophorum
918 3345 1015 3423 legat:
1039 3346 1081 3403 sic
1101 3346 1163 3422 qui-

120 3427 208 3504 igitur
234 3427 272 3484 ad
295 3427 359 3483 haec
384 3427 501 3484 audebit
526 3424 622 3482 dicere
664 3445 788 3502 cumque
810 3425 945 3483 volumus
969 3427 1111 3502 pietatem
1131 3428 1164 3485 in

120 3507 244 3573 No'e'tuS,
272 3527 332 3564 non
358 3507 522 3584 intelligens
547 3507 622 3563 veri-
663 3508 758 3564 Deum
785 3525 928 3573 exercere,
957 3526 1018 3565 non
1046 3508 1163 3566 aliunde

120 3589 233 3645 tatem?
267 3588 510 3663 Quandoquidem
534 3586 624 3664 igitur
647 3588 814 3652 discemus,
838 3607 923 3662 quam
948 3608 983 3645 ex
1007 3587 1163 3665 Scripturis

119 3668 261 3726 hactenus
300 3669 415 3726 Noetus
456 3667 622 3726 confutatus
662 3668 776 3726 divinis.
798 3669 1163 3747 Quaecunqueergosanc-

122 3761 176 3815 est,
188 3750 338 3807 veniamus
351 3750 620 3808 addemonstratio·
662 3761 698 3806 tae
727 3749 883 3825 Scripturae
910 3751 1079 3826 praedicant,
1106 3751 1162 3809 sci-

121 3849 190 3888 nem
204 3831 350 3897 veritatis;
369 3842 403 3889 ut
418 3831 621 3889 confirmemus
662 3850 761 3896 amus;
792 3841 821 3887 et
842 3850 1023 3907 quaecunque
1044 3832 1161 3897 docent,

121 3913 284 3978 veritatem,
300 3924 402 3970 contra
422 3931 509 3988 quam
529 3923 574 3969 tot
592 3922 621 3969 et
661 3931 882 3990 cognoscamus:
898 3924 928 3970 et
942 3913 1018 3970 sicut
1030 3914 1095 3971 vult
1108 3914 1162 3971 Pa·

121 4005 210 4051 tantae
229 3994 354 4051 haereses
374 4005 444 4052 ortae
464 4004 541 4059 sunt,
558 4012 621 4069 quae
661 4005 707 4050 ter
726 3993 815 4059 credi,
830 3995 871 4050 sic
890 3994 1042 4051 credamus
1048 4017 1055 4060 ;
1075 4007 1106 4052 et
1123 3995 1161 4052 si·

120 4075 194 4132 nihil
207 4075 303 4133 dicere
317 4085 484 4151 potuerunt.
660 4085 710 4132 cut
728 4075 792 4130 vult
811 4073 916 4133 Filium
936 4075 1101 4153 gloiificari‚
1120 4076 1163 4134 sic

161 4157 216 4216 IX.
245 4157 328 4214 Unus
351 4158 430 4214 Deus
455 4168 508 4222 est,
532 4174 618 4230 quem
659 4155 867 4234 glorificemus;
890 4170 919 4215 et
935 4158 1011 4214 sicut
1026 4158 1091 4214 vult
1109 4158 1160 4215 do·

122 4256 181 4294 non
202 4239 329 4305 aliunde,
351 4238 462 4305 fratres,
488 4237 618 4315 agnosci-
659 4237 722 4294 nari
737 4236 876 4312 Spiritum
890 4237 1042 4305 Sanctum,
1056 4239 1098 4298 sic
1112 4257 1160 4296 ac-
