2678 4830
437 334 501 398 DE
526 333 901 398 MORTALITATE.
1129 332 1195 402 277

145 521 204 581 tus
221 506 335 579 oculis
356 504 557 578 carnalibus
580 505 723 594 intueri,
741 504 810 577 nisi
828 504 925 603 quod
946 504 1056 577 talem
1074 503 1194 577 videre

140 623 219 721 jam
246 634 386 722 poterat
407 621 452 694 de
476 623 608 695 saeculo
629 647 843 695 recessurus.
894 621 1018 718 Atque
1037 620 1098 693 ille
1118 647 1193 693 non

146 739 223 812 sine
240 738 396 836 quadam
423 737 533 811 animi
558 751 594 811 et
617 738 712 811 vocis
737 738 985 838 indignatione
1008 736 1194 810 infremuit

145 868 183 929 et
204 855 316 928 dixit:
343 854 422 927 Pati
446 854 594 944 timetis,
612 854 709 928 exire
728 882 801 928 non
819 854 939 943 vultis,
957 853 1047 952 quid
1061 853 1193 927 faciam

117 972 270 1061 5vobis?
313 970 541 1069 Increpantis
569 998 640 1044 vox
669 984 787 1044 estet
817 971 1019 1056 monentis;
1054 970 1118 1068 qui
1148 969 1194 1044 de

144 1087 394 1188 persecutione
418 1087 605 1178 sollicitus,
625 1086 670 1161 de
695 1087 926 1162 accersitione
949 1114 1095 1162 securus
1119 1115 1194 1163 non

146 1204 326 1279 consentit
344 1204 388 1277 ad
407 1230 562 1302 praesens
580 1203 809 1296 desiderium,
825 1205 888 1278 sed
910 1204 1065 1278 consulit
1083 1204 1120 1277 in
1138 1205 1195 1278 fu-

145 1334 282 1395 turum.
332 1318 485 1393 Audiuit
506 1319 615 1394 frater
635 1334 756 1395 noster
778 1334 814 1395 et
836 1321 974 1420 collega
1000 1321 1193 1395 moriturus

146 1437 243 1533 quod
263 1437 399 1511 caeteris
417 1437 562 1511 diceret.
611 1436 712 1510 Nam
738 1437 800 1536 qui
828 1437 1023 1511 moriturus
1047 1437 1195 1527 audivit,

103 1553 192 1626 ioad
210 1554 280 1628 hoc
298 1553 435 1628 audivit
452 1567 494 1627 ut
511 1555 655 1628 diceret.
698 1554 849 1628 Audivit
864 1572 938 1627 non
956 1554 1024 1628 sibi
1041 1555 1114 1646 ille,
1132 1554 1196 1629 sed

147 1671 263 1744 nobis.
296 1670 396 1744 Nam
415 1670 501 1769 quid
520 1671 588 1743 sibi
606 1670 758 1745 disceret
769 1671 847 1768 jam
866 1672 1093 1745 recessurus?
1126 1672 1196 1745 Di-

147 1786 237 1860 dicit
257 1787 373 1860 immo
395 1787 687 1874 remanentibus3
713 1800 755 1861 ut
778 1786 865 1860 dum
891 1787 1112 1862 sacerdotem
1131 1788 1195 1886 qui

147 1918 393 1979 commeatum
419 1906 566 2004 petebat
590 1904 809 2005 increpitum
836 1931 913 1978 esse
939 1905 1195 2005 comperimus,

147 2022 234 2119 quid
253 2021 392 2095 cunctis
410 2022 579 2121 expediat
597 2048 882 2122 agnosceremus.

103 2165 136 2227 15
196 2137 302 2212 XIV.
331 2138 450 2212 Nobis
480 2165 626 2238 quoque
656 2138 741 2238 ipsis
770 2137 932 2211 minimis
958 2152 995 2212 et
1024 2137 1195 2212 extremis

22 2273 25 2279 ·
148 2253 290 2349 quoties
307 2254 505 2327 revelatum
523 2267 588 2344 est,
602 2279 713 2352 quam
730 2253 936 2352 frequenter
954 2266 1062 2349 atque
1080 2253 1196 2327 mani-

147 2368 238 2441 feste
256 2368 300 2442 de
317 2369 390 2442 Dei
408 2369 617 2469 dignatione
636 2382 857 2470 praeceptum
877 2382 942 2458 est,
959 2382 1000 2442 ut
1017 2382 1197 2444 contesta-
1234 2402 1246 2539 p

148 2511 204 2557 rer
233 2486 374 2558 assidue
401 2498 439 2559 et
467 2485 613 2585 publice
639 2485 872 2584 praedicarem
900 2484 1025 2558 fratres
1055 2490 1195 2561 nostros
1236 2542 1241 2553 .

149 2627 223 2674 non
241 2627 318 2674 esse
335 2602 510 2700 lugendos
528 2600 760 2675 accersitione
783 2600 979 2675 Dominica
1002 2601 1047 2674 de
1065 2603 1196 2676 saeculo
1229 2556 1241 2721 l

102 2714 328 2807 201iberat0s,
345 2743 428 2791 cum
447 2717 603 2791 sciamus
620 2744 692 2790 non
711 2744 772 2791 eos
791 2717 920 2807 amitti,
933 2716 996 2791 sed
1013 2716 1196 2848 praemitti,
1233 2724 1243 2865 p

148 2832 356 2907 recedentes
373 2833 594 2934 proecedere3
612 2847 655 2908 ut
671 2833 949 2934 proficiscentes,
966 2848 1008 2908 ut
1024 2834 1241 2937 navigan

149 2963 203 3024 tes
222 2951 337 3024 solent
337 2950 555 3041 ,desiderari
574 2977 634 3024 eos
652 2950 793 3042 debere,
810 2977 884 3023 non
901 2951 1036 3050 plangi,
1053 2978 1122 3025 nec
1139 2954 1230 3026 00-5

150 3066 333 3185 cipiendas
356 3095 432 3141 esse
456 3067 517 3141 hic
534 3080 627 3141 atras
644 3080 771 3157 vestes,
789 3067 936 3198 quando
953 3068 1004 3142 illi
1022 3067 1073 3143 ibi
1091 3047 1198 3142 indii-

152 3178 274 3280 niente
303 3184 425 3258 alba
410 3212 488 3282 Jam
516 3185 756 3284 sumpserint!
786 3183 1013 3258 occasionem
1039 3182 1196 3258 dandam

26 3283 31 3293 ’
104 3331 138 3394 25
150 3291 223 3375 non
242 3296 319 3375 esse
310 3297 530 3400 gentilibus
547 3314 589 3374 ut
605 3328 671 3375 nos
690 3300 820 3374 merito
840 3326 882 3373 ac
900 3299 984 3396 jure
1003 3300 1198 3400 reprehen-

149 3418 239 3492 dant
255 3417 353 3517 quod
370 3445 460 3517 quos
481 3418 600 3494 vivere
623 3417 720 3518 apud
740 3417 866 3490 Deum
887 3415 1054 3507 dicimus,
1071 3428 1113 3490 ut
1133 3440 1197 3490 ex·

150 3536 283 3609 tinctos
309 3548 345 3608 et
370 3535 528 3635 perditos
554 3535 755 3633 lugeamus,
783 3547 820 3607 et
847 3532 958 3607 fidem
987 3560 1097 3632 quam
1126 3559 1198 3607 ser-

152 3679 259 3724 mone
277 3664 314 3724 et
335 3678 423 3725 voce
446 3651 694 3750 depromimus
714 3650 830 3728 cordis
855 3664 898 3724 et·
917 3652 1072 3752 pectoris
1097 3649 1198 3724 testi-

153 3767 275 3841 monio
292 3795 365 3841 non
382 3770 587 3868 probemus.

103 3915 142 3970 30
200 3883 285 3957 XV.
312 3885 397 3984 Spei
421 3900 551 3961 nostrae
574 3912 617 3959 ac
639 3884 723 3958 fidei
747 3886 1033 3985 praevaricatores
1051 3909 1197 3973 sumus3

152 4001 332 4092 simulata,
359 4006 455 4096 ficta,
478 4005 600 4078 fucata
623 4002 791 4078 videntur
818 4030 895 4078 esse
923 4030 1004 4101 quae
1030 4001 1198 4075 dicimus.
1293 4068 1296 4073 .

151 4118 258 4192 Nihil
282 4119 428 4219 prodest
442 4121 559 4194 verbis
582 4120 750 4220 praeferre
770 4122 940 4195 virtutem
958 4133 995 4194 et
1016 4119 1120 4193 factis
1136 4118 1201 4193 de·

153 4248 289 4310 struere
304 4237 503 4311 veritatem.
530 4238 721 4337 Improbat
737 4236 892 4335 denique
910 4237 1091 4336 apostolus
1108 4235 1200 4308 Pau-

650 4373 704 4437 Τ3
