<?xml version="1.0" encoding="UTF-8"?>
<!DOCTYPE html PUBLIC "-//W3C//DTD XHTML 1.0 Transitional//EN"
    "http://www.w3.org/TR/xhtml1/DTD/xhtml1-transitional.dtd">
<html xmlns="http://www.w3.org/1999/xhtml" xml:lang="en" lang="en">
 <head>
  <title>
</title>
<meta http-equiv="Content-Type" content="text/html;charset=utf-8" />
  <meta name='ocr-system' content='tesseract 3.04.00' />
  <meta name='ocr-capabilities' content='ocr_page ocr_carea ocr_par ocr_line ocrx_word'/>
</head>
<body>
  <div class='ocr_page' id='page_1' title='image "./scriptorumeccle00unkngoog_0283.png"; bbox 0 0 2678 4830; ppageno 0'>
   <div class='ocr_carea' id='block_1_1' title="bbox 149 309 1070 378">
    <p class='ocr_par' dir='ltr' id='par_1_1' title="bbox 149 309 1070 378">
     <span class='ocr_line' id='line_1_1' title="bbox 149 309 1070 378; baseline -0.008 -1"><span class='ocrx_word' id='word_1_1' title='bbox 149 311 214 378; x_wconf 70' lang='lat'><strong>264</strong></span> <span class='ocrx_word' id='word_1_2' title='bbox 280 313 313 376; x_wconf 86' lang='lat' dir='ltr'><strong>S.</strong></span> <span class='ocrx_word' id='word_1_3' title='bbox 329 309 545 374; x_wconf 83' lang='lat' dir='ltr'><strong>CYPRIAN</strong></span> <span class='ocrx_word' id='word_1_4' title='bbox 550 309 566 372; x_wconf 96' lang='lat'>1</span> <span class='ocrx_word' id='word_1_5' title='bbox 583 309 647 372; x_wconf 89' lang='lat' dir='ltr'><strong>DE</strong></span> <span class='ocrx_word' id='word_1_6' title='bbox 665 309 1070 375; x_wconf 78' lang='lat' dir='ltr'>1DOL.VAN1TATE.</span> 
     </span>
    </p>
   </div>
   <div class='ocr_carea' id='block_1_2' title="bbox 146 479 1251 4282">
    <p class='ocr_par' dir='ltr' id='par_1_2' title="bbox 146 479 1251 4282">
     <span class='ocr_line' id='line_1_2' title="bbox 149 479 1204 581; baseline -0.003 -25"><span class='ocrx_word' id='word_1_7' title='bbox 149 482 271 581; x_wconf 87' lang='lat' dir='ltr'><strong>fragiis</strong></span> <span class='ocrx_word' id='word_1_8' title='bbox 300 481 467 555; x_wconf 88' lang='lat' dir='ltr'><strong>violentis</strong></span> <span class='ocrx_word' id='word_1_9' title='bbox 499 507 539 554; x_wconf 91' lang='lat' dir='ltr'><strong>ac</strong></span> <span class='ocrx_word' id='word_1_10' title='bbox 570 480 812 580; x_wconf 81' lang='lat' dir='ltr'>pertinacibus</span> <span class='ocrx_word' id='word_1_11' title='bbox 843 480 1054 579; x_wconf 86' lang='lat' dir='ltr'><strong>flagitantes.</strong></span> <span class='ocrx_word' id='word_1_12' title='bbox 1109 479 1204 553; x_wconf 90' lang='lat' dir='ltr'><strong>Hoc</strong></span> 
     </span>
     <span class='ocr_line' id='line_1_3' title="bbox 150 595 1205 696; baseline -0.003 -25"><span class='ocrx_word' id='word_1_13' title='bbox 150 625 210 673; x_wconf 89' lang='lat' dir='ltr'><strong>eos</strong></span> <span class='ocrx_word' id='word_1_14' title='bbox 227 598 384 671; x_wconf 86' lang='lat' dir='ltr'><strong>facturos</strong></span> <span class='ocrx_word' id='word_1_15' title='bbox 402 611 439 670; x_wconf 92' lang='lat' dir='ltr'><strong>et</strong></span> <span class='ocrx_word' id='word_1_16' title='bbox 457 598 532 695; x_wconf 92' lang='lat' dir='ltr'><strong>ipse</strong></span> <span class='ocrx_word' id='word_1_17' title='bbox 551 595 775 696; x_wconf 60' lang='lat' dir='ltr'><strong>praedixerat,</strong></span> <span class='ocrx_word' id='word_1_18' title='bbox 788 610 825 670; x_wconf 89' lang='lat' dir='ltr'><strong>et</strong></span> <span class='ocrx_word' id='word_1_19' title='bbox 842 597 1100 696; x_wconf 90' lang='lat' dir='ltr'><strong>prophetarum</strong></span> <span class='ocrx_word' id='word_1_20' title='bbox 1119 621 1205 668; x_wconf 89' lang='lat' dir='ltr'><strong>orn-</strong></span> 
     </span>
     <span class='ocr_line' id='line_1_4' title="bbox 150 710 1204 811; baseline -0.005 -23"><span class='ocrx_word' id='word_1_21' title='bbox 150 714 251 789; x_wconf 91' lang='lat' dir='ltr'><strong>nium</strong></span> <span class='ocrx_word' id='word_1_22' title='bbox 271 713 519 787; x_wconf 90' lang='lat' dir='ltr'><strong>testimonium</strong></span> <span class='ocrx_word' id='word_1_23' title='bbox 541 712 592 784; x_wconf 90' lang='lat' dir='ltr'><strong>sic</strong></span> <span class='ocrx_word' id='word_1_24' title='bbox 615 726 697 784; x_wconf 87' lang='lat' dir='ltr'><strong>ante</strong></span> <span class='ocrx_word' id='word_1_25' title='bbox 716 724 955 811; x_wconf 74' lang='lat' dir='ltr'><strong>praecesserat,</strong></span> <span class='ocrx_word' id='word_1_26' title='bbox 972 724 1137 811; x_wconf 82' lang='lat' dir='ltr'><strong>oportere</strong></span> <span class='ocrx_word' id='word_1_27' title='bbox 1157 710 1204 783; x_wconf 92' lang='lat' dir='ltr'><strong>il-</strong></span> 
     </span>
     <span class='ocr_line' id='line_1_5' title="bbox 150 826 1202 930; baseline -0.004 -26"><span class='ocrx_word' id='word_1_28' title='bbox 150 831 227 905; x_wconf 90' lang='lat' dir='ltr'><strong>lum</strong></span> <span class='ocrx_word' id='word_1_29' title='bbox 249 829 337 930; x_wconf 89' lang='lat' dir='ltr'><strong>pati,</strong></span> <span class='ocrx_word' id='word_1_30' title='bbox 354 856 425 900; x_wconf 88' lang='lat' dir='ltr'><strong>non</strong></span> <span class='ocrx_word' id='word_1_31' title='bbox 452 840 492 900; x_wconf 92' lang='lat' dir='ltr'><strong>ut</strong></span> <span class='ocrx_word' id='word_1_32' title='bbox 516 827 664 900; x_wconf 84' lang='lat' dir='ltr'><strong>sentiret</strong></span> <span class='ocrx_word' id='word_1_33' title='bbox 687 841 855 916; x_wconf 90' lang='lat' dir='ltr'><strong>mortem,</strong></span> <span class='ocrx_word' id='word_1_34' title='bbox 873 826 933 900; x_wconf 92' lang='lat' dir='ltr'><strong>sed</strong></span> <span class='ocrx_word' id='word_1_35' title='bbox 959 840 999 900; x_wconf 94' lang='lat' dir='ltr'><strong>ut</strong></span> <span class='ocrx_word' id='word_1_36' title='bbox 1022 827 1202 912; x_wconf 89' lang='lat' dir='ltr'><strong>vinceret;</strong></span> 
     </span>
     <span class='ocr_line' id='line_1_6' title="bbox 149 941 1233 1045; baseline -0.005 -23"><span class='ocrx_word' id='word_1_37' title='bbox 149 961 186 1023; x_wconf 89' lang='lat' dir='ltr'><strong>et</strong></span> <span class='ocrx_word' id='word_1_38' title='bbox 212 973 294 1020; x_wconf 91' lang='lat' dir='ltr'><strong>cum</strong></span> <span class='ocrx_word' id='word_1_39' title='bbox 321 971 446 1045; x_wconf 90' lang='lat' dir='ltr'><strong>passus</strong></span> <span class='ocrx_word' id='word_1_40' title='bbox 472 956 576 1029; x_wconf 87' lang='lat' dir='ltr'><strong>esset,</strong></span> <span class='ocrx_word' id='word_1_41' title='bbox 599 943 643 1016; x_wconf 90' lang='lat' dir='ltr'><strong>ad</strong></span> <span class='ocrx_word' id='word_1_42' title='bbox 669 970 816 1044; x_wconf 90' lang='lat' dir='ltr'><strong>superos</strong></span> <span class='ocrx_word' id='word_1_43' title='bbox 842 942 961 1016; x_wconf 91' lang='lat' dir='ltr'><strong>denuo</strong></span> <span class='ocrx_word' id='word_1_44' title='bbox 987 941 1137 1041; x_wconf 84' lang='lat' dir='ltr'><strong>regredi,</strong></span> <span class='ocrx_word' id='word_1_45' title='bbox 1158 955 1233 1024; x_wconf 71' lang='lat' dir='ltr'><strong>uts</strong></span> 
     </span>
     <span class='ocr_line' id='line_1_7' title="bbox 150 1058 1202 1156; baseline -0.007 -18"><span class='ocrx_word' id='word_1_46' title='bbox 150 1064 225 1139; x_wconf 91' lang='lat' dir='ltr'><strong>vim</strong></span> <span class='ocrx_word' id='word_1_47' title='bbox 243 1061 374 1134; x_wconf 79' lang='lat' dir='ltr'><strong>divinae</strong></span> <span class='ocrx_word' id='word_1_48' title='bbox 392 1059 588 1155; x_wconf 88' lang='lat' dir='ltr'><strong>majestatis</strong></span> <span class='ocrx_word' id='word_1_49' title='bbox 607 1058 819 1132; x_wconf 90' lang='lat' dir='ltr'><strong>ostenderet.</strong></span> <span class='ocrx_word' id='word_1_50' title='bbox 856 1058 984 1132; x_wconf 88' lang='lat' dir='ltr'><strong>Fidem</strong></span> <span class='ocrx_word' id='word_1_51' title='bbox 1003 1058 1124 1156; x_wconf 89' lang='lat' dir='ltr'><strong>itaque</strong></span> <span class='ocrx_word' id='word_1_52' title='bbox 1142 1085 1202 1131; x_wconf 87' lang='lat' dir='ltr'><strong>re-</strong></span> 
     </span>
     <span class='ocr_line' id='line_1_8' title="bbox 150 1174 1202 1275; baseline -0.001 -22"><span class='ocrx_word' id='word_1_53' title='bbox 150 1206 230 1253; x_wconf 87' lang='lat' dir='ltr'><strong>rum</strong></span> <span class='ocrx_word' id='word_1_54' title='bbox 255 1203 378 1252; x_wconf 89' lang='lat' dir='ltr'><strong>cursus</strong></span> <span class='ocrx_word' id='word_1_55' title='bbox 404 1175 580 1275; x_wconf 85' lang='lat' dir='ltr'><strong>implevit.</strong></span> <span class='ocrx_word' id='word_1_56' title='bbox 630 1174 730 1248; x_wconf 88' lang='lat' dir='ltr'><strong>Nam</strong></span> <span class='ocrx_word' id='word_1_57' title='bbox 748 1189 785 1249; x_wconf 94' lang='lat' dir='ltr'><strong>et</strong></span> <span class='ocrx_word' id='word_1_58' title='bbox 803 1176 995 1249; x_wconf 86' lang='lat' dir='ltr'><strong>crucifixus</strong></span> <span class='ocrx_word' id='word_1_59' title='bbox 1014 1186 1202 1272; x_wconf 86' lang='lat' dir='ltr'><strong>praevento</strong></span> 
     </span>
     <span class='ocr_line' id='line_1_9' title="bbox 150 1288 1201 1390; baseline -0.007 -22"><span class='ocrx_word' id='word_1_60' title='bbox 150 1291 327 1369; x_wconf 86' lang='lat' dir='ltr'><strong>carnificis</strong></span> <span class='ocrx_word' id='word_1_61' title='bbox 344 1289 461 1364; x_wconf 88' lang='lat' dir='ltr'><strong>officio</strong></span> <span class='ocrx_word' id='word_1_62' title='bbox 485 1290 650 1390; x_wconf 90' lang='lat' dir='ltr'><strong>spiritum</strong></span> <span class='ocrx_word' id='word_1_63' title='bbox 675 1304 802 1390; x_wconf 90' lang='lat' dir='ltr'><strong>sponte</strong></span> <span class='ocrx_word' id='word_1_64' title='bbox 825 1289 974 1379; x_wconf 88' lang='lat' dir='ltr'><strong>dimisit,</strong></span> <span class='ocrx_word' id='word_1_65' title='bbox 991 1302 1028 1362; x_wconf 94' lang='lat' dir='ltr'><strong>et</strong></span> <span class='ocrx_word' id='word_1_66' title='bbox 1049 1288 1107 1362; x_wconf 93' lang='lat' dir='ltr'><strong>die</strong></span> <span class='ocrx_word' id='word_1_67' title='bbox 1124 1300 1201 1362; x_wconf 88' lang='lat' dir='ltr'><strong>ter-</strong></span> 
     </span>
     <span class='ocr_line' id='line_1_10' title="bbox 149 1404 1201 1506; baseline -0.007 -22"><span class='ocrx_word' id='word_1_68' title='bbox 149 1410 203 1485; x_wconf 87' lang='lat' dir='ltr'><strong>tio</strong></span> <span class='ocrx_word' id='word_1_69' title='bbox 219 1434 340 1483; x_wconf 89' lang='lat' dir='ltr'><strong>rursus</strong></span> <span class='ocrx_word' id='word_1_70' title='bbox 358 1433 378 1480; x_wconf 90' lang='lat' dir='ltr'><strong>a</strong></span> <span class='ocrx_word' id='word_1_71' title='bbox 397 1407 547 1481; x_wconf 85' lang='lat' dir='ltr'><strong>mortuis</strong></span> <span class='ocrx_word' id='word_1_72' title='bbox 572 1420 700 1506; x_wconf 86' lang='lat' dir='ltr'><strong>sponte</strong></span> <span class='ocrx_word' id='word_1_73' title='bbox 724 1407 886 1481; x_wconf 85' lang='lat' dir='ltr'><strong>surrexit.</strong></span> <span class='ocrx_word' id='word_1_74' title='bbox 929 1405 1108 1506; x_wconf 85' lang='lat' dir='ltr'><strong>Apparuit</strong></span> <span class='ocrx_word' id='word_1_75' title='bbox 1124 1404 1201 1478; x_wconf 91' lang='lat' dir='ltr'><strong>dis·</strong></span> 
     </span>
     <span class='ocr_line' id='line_1_11' title="bbox 150 1522 1251 1628; baseline -0.007 -27"><span class='ocrx_word' id='word_1_76' title='bbox 150 1525 278 1628; x_wconf 85' lang='lat' dir='ltr'><strong>cipulis</strong></span> <span class='ocrx_word' id='word_1_77' title='bbox 302 1523 374 1597; x_wconf 92' lang='lat' dir='ltr'><strong>suis</strong></span> <span class='ocrx_word' id='word_1_78' title='bbox 391 1523 505 1621; x_wconf 91' lang='lat' dir='ltr'><strong>qualis</strong></span> <span class='ocrx_word' id='word_1_79' title='bbox 528 1536 565 1596; x_wconf 91' lang='lat' dir='ltr'><strong>et</strong></span> <span class='ocrx_word' id='word_1_80' title='bbox 586 1525 713 1613; x_wconf 90' lang='lat' dir='ltr'><strong>fuerat,</strong></span> <span class='ocrx_word' id='word_1_81' title='bbox 731 1523 997 1623; x_wconf 82' lang='lat' dir='ltr'><strong>agnoscendum</strong></span> <span class='ocrx_word' id='word_1_82' title='bbox 1018 1550 1055 1596; x_wconf 92' lang='lat' dir='ltr'><strong>se</strong></span> <span class='ocrx_word' id='word_1_83' title='bbox 1071 1522 1201 1597; x_wconf 90' lang='lat' dir='ltr'><strong>viden·</strong></span> <span class='ocrx_word' id='word_1_84' title='bbox 1216 1553 1251 1594; x_wconf 84' lang='grc' dir='ltr'><strong>ιο</strong></span> 
     </span>
     <span class='ocr_line' id='line_1_12' title="bbox 149 1637 1199 1740; baseline -0.003 -25"><span class='ocrx_word' id='word_1_85' title='bbox 149 1643 246 1716; x_wconf 89' lang='lat' dir='ltr'><strong>tibus</strong></span> <span class='ocrx_word' id='word_1_86' title='bbox 261 1637 415 1740; x_wconf 87' lang='lat' dir='ltr'><strong>praebuit</strong></span> <span class='ocrx_word' id='word_1_87' title='bbox 428 1639 537 1713; x_wconf 88' lang='lat' dir='ltr'><strong>simul</strong></span> <span class='ocrx_word' id='word_1_88' title='bbox 549 1638 705 1736; x_wconf 83' lang='lat' dir='ltr'><strong>junctis3</strong></span> <span class='ocrx_word' id='word_1_89' title='bbox 724 1652 760 1712; x_wconf 89' lang='lat' dir='ltr'><strong>et</strong></span> <span class='ocrx_word' id='word_1_90' title='bbox 778 1640 985 1715; x_wconf 84' lang='lat' dir='ltr'><strong>substantiae</strong></span> <span class='ocrx_word' id='word_1_91' title='bbox 1002 1639 1199 1739; x_wconf 86' lang='lat' dir='ltr'><strong>corporalis</strong></span> 
     </span>
     <span class='ocr_line' id='line_1_13' title="bbox 149 1755 1198 1855; baseline -0.005 -22"><span class='ocrx_word' id='word_1_92' title='bbox 149 1757 320 1833; x_wconf 87' lang='lat' dir='ltr'><strong>firmitate</strong></span> <span class='ocrx_word' id='word_1_93' title='bbox 337 1755 564 1853; x_wconf 90' lang='lat' dir='ltr'><strong>conspicuus,</strong></span> <span class='ocrx_word' id='word_1_94' title='bbox 582 1755 626 1828; x_wconf 91' lang='lat' dir='ltr'><strong>ad</strong></span> <span class='ocrx_word' id='word_1_95' title='bbox 644 1755 719 1828; x_wconf 93' lang='lat' dir='ltr'><strong>dies</strong></span> <span class='ocrx_word' id='word_1_96' title='bbox 737 1755 972 1855; x_wconf 88' lang='lat' dir='ltr'><strong>quadraginta</strong></span> <span class='ocrx_word' id='word_1_97' title='bbox 996 1767 1198 1830; x_wconf 84' lang='lat' dir='ltr'><strong>remoratus</strong></span> 
     </span>
     <span class='ocr_line' id='line_1_14' title="bbox 149 1869 1200 1970; baseline -0.003 -25"><span class='ocrx_word' id='word_1_98' title='bbox 149 1884 214 1957; x_wconf 90' lang='lat' dir='ltr'><strong>est,</strong></span> <span class='ocrx_word' id='word_1_99' title='bbox 232 1883 272 1945; x_wconf 91' lang='lat' dir='ltr'><strong>ut</strong></span> <span class='ocrx_word' id='word_1_100' title='bbox 290 1870 335 1943; x_wconf 91' lang='lat' dir='ltr'><strong>de</strong></span> <span class='ocrx_word' id='word_1_101' title='bbox 358 1896 401 1942; x_wconf 88' lang='lat' dir='ltr'><strong>eo</strong></span> <span class='ocrx_word' id='word_1_102' title='bbox 424 1869 469 1942; x_wconf 89' lang='lat' dir='ltr'><strong>ad</strong></span> <span class='ocrx_word' id='word_1_103' title='bbox 491 1883 674 1969; x_wconf 88' lang='lat' dir='ltr'><strong>praecepta</strong></span> <span class='ocrx_word' id='word_1_104' title='bbox 690 1871 813 1944; x_wconf 85' lang='lat' dir='ltr'><strong>vitalia</strong></span> <span class='ocrx_word' id='word_1_105' title='bbox 834 1871 964 1944; x_wconf 90' lang='lat' dir='ltr'><strong>instrui</strong></span> <span class='ocrx_word' id='word_1_106' title='bbox 985 1881 1142 1970; x_wconf 91' lang='lat' dir='ltr'><strong>possent,</strong></span> <span class='ocrx_word' id='word_1_107' title='bbox 1159 1882 1200 1942; x_wconf 90' lang='lat' dir='ltr'><strong>et</strong></span> 
     </span>
     <span class='ocr_line' id='line_1_15' title="bbox 149 1985 1199 2083; baseline -0.002 -23"><span class='ocrx_word' id='word_1_108' title='bbox 149 1986 329 2060; x_wconf 89' lang='lat' dir='ltr'><strong>discerent</strong></span> <span class='ocrx_word' id='word_1_109' title='bbox 345 2012 426 2083; x_wconf 87' lang='lat' dir='ltr'><strong>qnae</strong></span> <span class='ocrx_word' id='word_1_110' title='bbox 443 1985 622 2061; x_wconf 88' lang='lat' dir='ltr'><strong>docerent.</strong></span> <span class='ocrx_word' id='word_1_111' title='bbox 648 1987 753 2061; x_wconf 90' lang='lat' dir='ltr'><strong>Tunc</strong></span> <span class='ocrx_word' id='word_1_112' title='bbox 770 1987 807 2059; x_wconf 91' lang='lat' dir='ltr'><strong>in</strong></span> <span class='ocrx_word' id='word_1_113' title='bbox 824 1989 963 2060; x_wconf 90' lang='lat' dir='ltr'><strong>coelum</strong></span> <span class='ocrx_word' id='word_1_114' title='bbox 979 1985 1199 2061; x_wconf 85' lang='lat' dir='ltr'><strong>circumfusa</strong></span> 
     </span>
     <span class='ocr_line' id='line_1_16' title="bbox 149 2102 1246 2202; baseline -0.004 -26"><span class='ocrx_word' id='word_1_115' title='bbox 149 2105 247 2177; x_wconf 92' lang='lat' dir='ltr'><strong>nube</strong></span> <span class='ocrx_word' id='word_1_116' title='bbox 265 2103 427 2177; x_wconf 89' lang='lat' dir='ltr'><strong>sublatus</strong></span> <span class='ocrx_word' id='word_1_117' title='bbox 445 2117 521 2190; x_wconf 89' lang='lat' dir='ltr'><strong>est;</strong></span> <span class='ocrx_word' id='word_1_118' title='bbox 539 2116 581 2176; x_wconf 94' lang='lat' dir='ltr'><strong>ut</strong></span> <span class='ocrx_word' id='word_1_119' title='bbox 599 2103 784 2176; x_wconf 87' lang='lat' dir='ltr'><strong>hominem</strong></span> <span class='ocrx_word' id='word_1_120' title='bbox 803 2130 911 2202; x_wconf 90' lang='lat' dir='ltr'><strong>quem</strong></span> <span class='ocrx_word' id='word_1_121' title='bbox 930 2102 1067 2193; x_wconf 86' lang='lat' dir='ltr'><strong>dilexit,</strong></span> <span class='ocrx_word' id='word_1_122' title='bbox 1085 2128 1194 2199; x_wconf 90' lang='lat' dir='ltr'><strong>quem</strong></span> <span class='ocrx_word' id='word_1_123' title='bbox 1212 2127 1246 2191; x_wconf 82' lang='lat'><strong>15</strong></span> 
     </span>
     <span class='ocr_line' id='line_1_17' title="bbox 149 2217 1197 2320; baseline -0.004 -27"><span class='ocrx_word' id='word_1_124' title='bbox 149 2220 278 2307; x_wconf 92' lang='lat' dir='ltr'><strong>induit,</strong></span> <span class='ocrx_word' id='word_1_125' title='bbox 293 2245 403 2318; x_wconf 89' lang='lat' dir='ltr'><strong>quem</strong></span> <span class='ocrx_word' id='word_1_126' title='bbox 422 2247 443 2294; x_wconf 87' lang='lat' dir='ltr'><strong>a</strong></span> <span class='ocrx_word' id='word_1_127' title='bbox 460 2233 576 2293; x_wconf 87' lang='lat' dir='ltr'><strong>morte</strong></span> <span class='ocrx_word' id='word_1_128' title='bbox 593 2220 761 2320; x_wconf 86' lang='lat' dir='ltr'><strong>protexit,</strong></span> <span class='ocrx_word' id='word_1_129' title='bbox 774 2218 818 2292; x_wconf 88' lang='lat' dir='ltr'><strong>ad</strong></span> <span class='ocrx_word' id='word_1_130' title='bbox 837 2222 979 2293; x_wconf 88' lang='lat' dir='ltr'><strong>Patrem</strong></span> <span class='ocrx_word' id='word_1_131' title='bbox 994 2219 1109 2294; x_wconf 90' lang='lat' dir='ltr'><strong>victor</strong></span> <span class='ocrx_word' id='word_1_132' title='bbox 1125 2217 1197 2290; x_wconf 92' lang='lat' dir='ltr'><strong>im-</strong></span> 
     </span>
     <span class='ocr_line' id='line_1_18' title="bbox 148 2332 1197 2437; baseline -0.003 -27"><span class='ocrx_word' id='word_1_133' title='bbox 148 2351 308 2437; x_wconf 90' lang='lat' dir='ltr'><strong>poneret,</strong></span> <span class='ocrx_word' id='word_1_134' title='bbox 317 2337 396 2434; x_wconf 87' lang='lat' dir='ltr'><strong>jam</strong></span> <span class='ocrx_word' id='word_1_135' title='bbox 409 2350 579 2411; x_wconf 89' lang='lat' dir='ltr'><strong>venturus</strong></span> <span class='ocrx_word' id='word_1_136' title='bbox 593 2365 613 2410; x_wconf 83' lang='lat' dir='ltr'><strong>e</strong></span> <span class='ocrx_word' id='word_1_137' title='bbox 626 2336 721 2411; x_wconf 84' lang='lat' dir='ltr'><strong>coeio</strong></span> <span class='ocrx_word' id='word_1_138' title='bbox 735 2334 778 2409; x_wconf 93' lang='lat' dir='ltr'><strong>ad</strong></span> <span class='ocrx_word' id='word_1_139' title='bbox 792 2362 940 2435; x_wconf 88' lang='lat' dir='ltr'><strong>poenam</strong></span> <span class='ocrx_word' id='word_1_140' title='bbox 955 2334 1088 2409; x_wconf 88' lang='lat' dir='ltr'><strong>diaboli</strong></span> <span class='ocrx_word' id='word_1_141' title='bbox 1101 2346 1137 2407; x_wconf 91' lang='lat' dir='ltr'><strong>et</strong></span> <span class='ocrx_word' id='word_1_142' title='bbox 1150 2332 1197 2407; x_wconf 87' lang='lat' dir='ltr'><strong>ad</strong></span> 
     </span>
     <span class='ocr_line' id='line_1_19' title="bbox 148 2448 1197 2552; baseline -0.004 -26"><span class='ocrx_word' id='word_1_143' title='bbox 148 2479 334 2527; x_wconf 85' lang='lat' dir='ltr'><strong>censuram</strong></span> <span class='ocrx_word' id='word_1_144' title='bbox 354 2453 494 2551; x_wconf 84' lang='lat' dir='ltr'><strong>generis</strong></span> <span class='ocrx_word' id='word_1_145' title='bbox 513 2452 663 2526; x_wconf 86' lang='lat' dir='ltr'><strong>humani</strong></span> <span class='ocrx_word' id='word_1_146' title='bbox 676 2451 801 2525; x_wconf 88' lang='lat' dir='ltr'><strong>ultoris</strong></span> <span class='ocrx_word' id='word_1_147' title='bbox 820 2448 917 2552; x_wconf 63' lang='lat' dir='ltr'><strong>(for.</strong></span> <span class='ocrx_word' id='word_1_148' title='bbox 931 2452 969 2524; x_wconf 91' lang='lat' dir='ltr'><strong>in</strong></span> <span class='ocrx_word' id='word_1_149' title='bbox 986 2450 1125 2549; x_wconf 84' lang='lat' dir='ltr'><strong>ultoris)</strong></span> <span class='ocrx_word' id='word_1_150' title='bbox 1141 2450 1197 2525; x_wconf 88' lang='lat' dir='ltr'><strong>vi·</strong></span> 
     </span>
     <span class='ocr_line' id='line_1_20' title="bbox 148 2566 1196 2668; baseline -0.002 -28"><span class='ocrx_word' id='word_1_151' title='bbox 148 2596 234 2667; x_wconf 85' lang='lat' dir='ltr'><strong>gore</strong></span> <span class='ocrx_word' id='word_1_152' title='bbox 255 2584 293 2642; x_wconf 87' lang='lat' dir='ltr'><strong>et</strong></span> <span class='ocrx_word' id='word_1_153' title='bbox 308 2567 442 2663; x_wconf 89' lang='lat' dir='ltr'><strong>judicis</strong></span> <span class='ocrx_word' id='word_1_154' title='bbox 463 2581 663 2668; x_wconf 87' lang='lat' dir='ltr'><strong>potestate;</strong></span> <span class='ocrx_word' id='word_1_155' title='bbox 690 2595 754 2667; x_wconf 88' lang='lat' dir='ltr'><strong>per</strong></span> <span class='ocrx_word' id='word_1_156' title='bbox 770 2570 894 2642; x_wconf 91' lang='lat' dir='ltr'><strong>orbem</strong></span> <span class='ocrx_word' id='word_1_157' title='bbox 912 2595 996 2641; x_wconf 89' lang='lat' dir='ltr'><strong>vero</strong></span> <span class='ocrx_word' id='word_1_158' title='bbox 1013 2566 1196 2664; x_wconf 90' lang='lat' dir='ltr'><strong>discipuli,</strong></span> 
     </span>
     <span class='ocr_line' id='line_1_21' title="bbox 148 2681 1247 2785; baseline -0.002 -30"><span class='ocrx_word' id='word_1_159' title='bbox 148 2683 319 2782; x_wconf 87' lang='lat' dir='ltr'><strong>magistro</strong></span> <span class='ocrx_word' id='word_1_160' title='bbox 345 2697 382 2756; x_wconf 94' lang='lat' dir='ltr'><strong>et</strong></span> <span class='ocrx_word' id='word_1_161' title='bbox 407 2681 505 2785; x_wconf 79' lang='lat' dir='ltr'><strong>(for.</strong></span> <span class='ocrx_word' id='word_1_162' title='bbox 525 2696 562 2756; x_wconf 91' lang='lat' dir='ltr'><strong>et</strong></span> <span class='ocrx_word' id='word_1_163' title='bbox 584 2682 739 2778; x_wconf 81' lang='lat' dir='ltr'><strong>deleud.)</strong></span> <span class='ocrx_word' id='word_1_164' title='bbox 761 2684 844 2757; x_wconf 91' lang='lat' dir='ltr'><strong>Deo</strong></span> <span class='ocrx_word' id='word_1_165' title='bbox 871 2695 1052 2772; x_wconf 91' lang='lat' dir='ltr'><strong>monente,</strong></span> <span class='ocrx_word' id='word_1_166' title='bbox 1077 2681 1195 2755; x_wconf 89' lang='lat' dir='ltr'><strong>diffusi</strong></span> <span class='ocrx_word' id='word_1_167' title='bbox 1206 2713 1247 2754; x_wconf 77' lang='lat'><strong>20</strong></span> 
     </span>
     <span class='ocr_line' id='line_1_22' title="bbox 146 2796 1196 2899; baseline -0.004 -26"><span class='ocrx_word' id='word_1_168' title='bbox 146 2812 327 2899; x_wconf 76' lang='lat' dir='ltr'><strong>praecepta</strong></span> <span class='ocrx_word' id='word_1_169' title='bbox 341 2798 378 2870; x_wconf 91' lang='lat' dir='ltr'><strong>in</strong></span> <span class='ocrx_word' id='word_1_170' title='bbox 393 2799 543 2872; x_wconf 91' lang='lat' dir='ltr'><strong>salutem</strong></span> <span class='ocrx_word' id='word_1_171' title='bbox 559 2798 696 2889; x_wconf 90' lang='lat' dir='ltr'><strong>darent,</strong></span> <span class='ocrx_word' id='word_1_172' title='bbox 711 2801 757 2872; x_wconf 90' lang='lat' dir='ltr'><strong>ab</strong></span> <span class='ocrx_word' id='word_1_173' title='bbox 774 2827 890 2873; x_wconf 87' lang='lat' dir='ltr'><strong>errore</strong></span> <span class='ocrx_word' id='word_1_174' title='bbox 907 2801 1134 2873; x_wconf 89' lang='lat' dir='ltr'><strong>tenebrarum</strong></span> <span class='ocrx_word' id='word_1_175' title='bbox 1150 2796 1196 2870; x_wconf 89' lang='lat' dir='ltr'><strong>ad</strong></span> 
     </span>
     <span class='ocr_line' id='line_1_23' title="bbox 146 2913 1197 3014; baseline 0.001 -28"><span class='ocrx_word' id='word_1_176' title='bbox 146 2915 242 2987; x_wconf 88' lang='lat' dir='ltr'><strong>viam</strong></span> <span class='ocrx_word' id='word_1_177' title='bbox 265 2914 356 2987; x_wconf 90' lang='lat' dir='ltr'><strong>lucis</strong></span> <span class='ocrx_word' id='word_1_178' title='bbox 380 2913 610 3005; x_wconf 84' lang='lat' dir='ltr'><strong>adducerent,</strong></span> <span class='ocrx_word' id='word_1_179' title='bbox 628 2942 748 2989; x_wconf 89' lang='lat' dir='ltr'><strong>coecos</strong></span> <span class='ocrx_word' id='word_1_180' title='bbox 772 2930 808 2991; x_wconf 92' lang='lat' dir='ltr'><strong>et</strong></span> <span class='ocrx_word' id='word_1_181' title='bbox 831 2917 973 3014; x_wconf 84' lang='lat' dir='ltr'><strong>ignaros</strong></span> <span class='ocrx_word' id='word_1_182' title='bbox 998 2915 1042 2989; x_wconf 90' lang='lat' dir='ltr'><strong>ad</strong></span> <span class='ocrx_word' id='word_1_183' title='bbox 1066 2913 1197 3014; x_wconf 86' lang='lat' dir='ltr'><strong>agniti-</strong></span> 
     </span>
     <span class='ocr_line' id='line_1_24' title="bbox 146 3029 1195 3133; baseline -0.001 -30"><span class='ocrx_word' id='word_1_184' title='bbox 146 3055 254 3104; x_wconf 91' lang='lat' dir='ltr'><strong>onem</strong></span> <span class='ocrx_word' id='word_1_185' title='bbox 268 3029 425 3103; x_wconf 86' lang='lat' dir='ltr'><strong>veritatis</strong></span> <span class='ocrx_word' id='word_1_186' title='bbox 439 3031 635 3104; x_wconf 89' lang='lat' dir='ltr'><strong>ocularent.</strong></span> <span class='ocrx_word' id='word_1_187' title='bbox 661 3031 717 3105; x_wconf 88' lang='lat' dir='ltr'><strong>Ac</strong></span> <span class='ocrx_word' id='word_1_188' title='bbox 729 3059 775 3105; x_wconf 91' lang='lat' dir='ltr'><strong>ne</strong></span> <span class='ocrx_word' id='word_1_189' title='bbox 788 3046 882 3106; x_wconf 88' lang='lat' dir='ltr'><strong>esset</strong></span> <span class='ocrx_word' id='word_1_190' title='bbox 894 3033 1059 3133; x_wconf 90' lang='lat' dir='ltr'><strong>probatio</strong></span> <span class='ocrx_word' id='word_1_191' title='bbox 1073 3031 1195 3104; x_wconf 90' lang='lat' dir='ltr'><strong>minus</strong></span> 
     </span>
     <span class='ocr_line' id='line_1_25' title="bbox 147 3146 1195 3248; baseline -0.002 -27"><span class='ocrx_word' id='word_1_192' title='bbox 147 3146 262 3221; x_wconf 88' lang='lat' dir='ltr'><strong>solida</strong></span> <span class='ocrx_word' id='word_1_193' title='bbox 275 3159 312 3220; x_wconf 88' lang='lat' dir='ltr'><strong>et</strong></span> <span class='ocrx_word' id='word_1_194' title='bbox 329 3146 374 3221; x_wconf 94' lang='lat' dir='ltr'><strong>de</strong></span> <span class='ocrx_word' id='word_1_195' title='bbox 390 3147 537 3221; x_wconf 90' lang='lat' dir='ltr'><strong>Christo</strong></span> <span class='ocrx_word' id='word_1_196' title='bbox 555 3147 707 3222; x_wconf 86' lang='lat' dir='ltr'><strong>delicata</strong></span> <span class='ocrx_word' id='word_1_197' title='bbox 724 3149 911 3239; x_wconf 87' lang='lat' dir='ltr'><strong>confessio,</strong></span> <span class='ocrx_word' id='word_1_198' title='bbox 924 3175 987 3248; x_wconf 87' lang='lat' dir='ltr'><strong>per</strong></span> <span class='ocrx_word' id='word_1_199' title='bbox 1002 3159 1195 3235; x_wconf 88' lang='lat' dir='ltr'><strong>tormenta,</strong></span> 
     </span>
     <span class='ocr_line' id='line_1_26' title="bbox 147 3266 1244 3366; baseline -0.005 -27"><span class='ocrx_word' id='word_1_200' title='bbox 147 3292 211 3364; x_wconf 90' lang='lat' dir='ltr'><strong>per</strong></span> <span class='ocrx_word' id='word_1_201' title='bbox 237 3291 371 3356; x_wconf 89' lang='lat' dir='ltr'><strong>cruces,</strong></span> <span class='ocrx_word' id='word_1_202' title='bbox 396 3293 461 3365; x_wconf 88' lang='lat' dir='ltr'><strong>per</strong></span> <span class='ocrx_word' id='word_1_203' title='bbox 486 3266 602 3339; x_wconf 83' lang='lat' dir='ltr'><strong>muita</strong></span> <span class='ocrx_word' id='word_1_204' title='bbox 627 3292 820 3366; x_wconf 89' lang='lat' dir='ltr'><strong>poenarum</strong></span> <span class='ocrx_word' id='word_1_205' title='bbox 846 3292 976 3364; x_wconf 83' lang='lat' dir='ltr'><strong>genera</strong></span> <span class='ocrx_word' id='word_1_206' title='bbox 1001 3276 1195 3338; x_wconf 88' lang='lat' dir='ltr'><strong>tentantur.</strong></span> <span class='ocrx_word' id='word_1_207' title='bbox 1206 3289 1244 3350; x_wconf 82' lang='lat'><strong>25</strong></span> 
     </span>
     <span class='ocr_line' id='line_1_27' title="bbox 147 3380 1194 3480; baseline -0.003 -25"><span class='ocrx_word' id='word_1_208' title='bbox 147 3381 276 3466; x_wconf 92' lang='lat' dir='ltr'><strong>Dolor,</strong></span> <span class='ocrx_word' id='word_1_209' title='bbox 294 3382 355 3480; x_wconf 91' lang='lat' dir='ltr'><strong>qui</strong></span> <span class='ocrx_word' id='word_1_210' title='bbox 373 3382 530 3456; x_wconf 88' lang='lat' dir='ltr'><strong>veritatis</strong></span> <span class='ocrx_word' id='word_1_211' title='bbox 548 3382 648 3457; x_wconf 89' lang='lat' dir='ltr'><strong>testis</strong></span> <span class='ocrx_word' id='word_1_212' title='bbox 665 3395 730 3473; x_wconf 91' lang='lat' dir='ltr'><strong>est,</strong></span> <span class='ocrx_word' id='word_1_213' title='bbox 744 3381 954 3455; x_wconf 85' lang='lat' dir='ltr'><strong>admovetur</strong></span> <span class='ocrx_word' id='word_1_214' title='bbox 972 3395 1011 3454; x_wconf 92' lang='lat' dir='ltr'><strong>ut</strong></span> <span class='ocrx_word' id='word_1_215' title='bbox 1028 3380 1194 3454; x_wconf 89' lang='lat' dir='ltr'><strong>Christus</strong></span> 
     </span>
     <span class='ocr_line' id='line_1_28' title="bbox 147 3496 1195 3595; baseline -0.001 -26"><span class='ocrx_word' id='word_1_216' title='bbox 147 3498 219 3570; x_wconf 92' lang='lat' dir='ltr'><strong>Dei</strong></span> <span class='ocrx_word' id='word_1_217' title='bbox 243 3496 370 3584; x_wconf 88' lang='lat' dir='ltr'><strong>Filius,</strong></span> <span class='ocrx_word' id='word_1_218' title='bbox 387 3499 449 3595; x_wconf 91' lang='lat' dir='ltr'><strong>qui</strong></span> <span class='ocrx_word' id='word_1_219' title='bbox 470 3499 679 3572; x_wconf 88' lang='lat' dir='ltr'><strong>hominibus</strong></span> <span class='ocrx_word' id='word_1_220' title='bbox 703 3498 748 3572; x_wconf 88' lang='lat' dir='ltr'><strong>ad</strong></span> <span class='ocrx_word' id='word_1_221' title='bbox 768 3498 880 3572; x_wconf 90' lang='lat' dir='ltr'><strong>vitam</strong></span> <span class='ocrx_word' id='word_1_222' title='bbox 903 3498 1007 3572; x_wconf 89' lang='lat' dir='ltr'><strong>datus</strong></span> <span class='ocrx_word' id='word_1_223' title='bbox 1028 3497 1195 3586; x_wconf 90' lang='lat' dir='ltr'><strong>creditur,</strong></span> 
     </span>
     <span class='ocr_line' id='line_1_29' title="bbox 150 3612 1196 3713; baseline 0.001 -29"><span class='ocrx_word' id='word_1_224' title='bbox 150 3638 222 3685; x_wconf 92' lang='lat' dir='ltr'><strong>non</strong></span> <span class='ocrx_word' id='word_1_225' title='bbox 237 3624 377 3685; x_wconf 88' lang='lat' dir='ltr'><strong>tantum</strong></span> <span class='ocrx_word' id='word_1_226' title='bbox 394 3614 576 3711; x_wconf 86' lang='lat' dir='ltr'><strong>praeconio</strong></span> <span class='ocrx_word' id='word_1_227' title='bbox 589 3615 698 3704; x_wconf 90' lang='lat' dir='ltr'><strong>vocis,</strong></span> <span class='ocrx_word' id='word_1_228' title='bbox 713 3615 774 3688; x_wconf 90' lang='lat' dir='ltr'><strong>sed</strong></span> <span class='ocrx_word' id='word_1_229' title='bbox 792 3628 829 3689; x_wconf 93' lang='lat' dir='ltr'><strong>et</strong></span> <span class='ocrx_word' id='word_1_230' title='bbox 846 3614 1019 3713; x_wconf 87' lang='lat' dir='ltr'><strong>passionis</strong></span> <span class='ocrx_word' id='word_1_231' title='bbox 1034 3612 1196 3687; x_wconf 89' lang='lat' dir='ltr'><strong>testimo·</strong></span> 
     </span>
     <span class='ocr_line' id='line_1_30' title="bbox 149 3726 1196 3828; baseline 0.003 -30"><span class='ocrx_word' id='word_1_232' title='bbox 149 3727 210 3799; x_wconf 92' lang='lat' dir='ltr'><strong>nio</strong></span> <span class='ocrx_word' id='word_1_233' title='bbox 228 3726 490 3825; x_wconf 90' lang='lat' dir='ltr'><strong>praedicaretur.</strong></span> <span class='ocrx_word' id='word_1_234' title='bbox 525 3728 639 3801; x_wconf 91' lang='lat' dir='ltr'><strong>Hunc</strong></span> <span class='ocrx_word' id='word_1_235' title='bbox 656 3729 767 3828; x_wconf 84' lang='lat' dir='ltr'><strong>igitur</strong></span> <span class='ocrx_word' id='word_1_236' title='bbox 783 3731 1009 3818; x_wconf 88' lang='lat' dir='ltr'><strong>comitamur,</strong></span> <span class='ocrx_word' id='word_1_237' title='bbox 1027 3731 1125 3803; x_wconf 91' lang='lat' dir='ltr'><strong>hunc</strong></span> <span class='ocrx_word' id='word_1_238' title='bbox 1142 3755 1196 3802; x_wconf 89' lang='lat' dir='ltr'><strong>se·</strong></span> 
     </span>
     <span class='ocr_line' id='line_1_31' title="bbox 149 3840 1245 3944; baseline -0.001 -28"><span class='ocrx_word' id='word_1_239' title='bbox 149 3840 305 3940; x_wconf 87' lang='lat' dir='ltr'><strong>quimur,</strong></span> <span class='ocrx_word' id='word_1_240' title='bbox 323 3842 421 3916; x_wconf 89' lang='lat' dir='ltr'><strong>hunc</strong></span> <span class='ocrx_word' id='word_1_241' title='bbox 444 3842 619 3916; x_wconf 90' lang='lat' dir='ltr'><strong>habemus</strong></span> <span class='ocrx_word' id='word_1_242' title='bbox 644 3844 780 3917; x_wconf 91' lang='lat' dir='ltr'><strong>itineris</strong></span> <span class='ocrx_word' id='word_1_243' title='bbox 798 3845 939 3936; x_wconf 92' lang='lat' dir='ltr'><strong>ducem,</strong></span> <span class='ocrx_word' id='word_1_244' title='bbox 956 3845 1045 3917; x_wconf 86' lang='lat' dir='ltr'><strong>lucis</strong></span> <span class='ocrx_word' id='word_1_245' title='bbox 1063 3844 1195 3944; x_wconf 88' lang='lat' dir='ltr'><strong>princi·</strong></span> <span class='ocrx_word' id='word_1_246' title='bbox 1206 3875 1245 3932; x_wconf 86' lang='lat'><strong>30</strong></span> 
     </span>
     <span class='ocr_line' id='line_1_32' title="bbox 148 3960 1196 4060; baseline 0 -27"><span class='ocrx_word' id='word_1_247' title='bbox 148 3986 245 4059; x_wconf 88' lang='lat' dir='ltr'><strong>pem,</strong></span> <span class='ocrx_word' id='word_1_248' title='bbox 256 3960 381 4033; x_wconf 87' lang='lat' dir='ltr'><strong>salutis</strong></span> <span class='ocrx_word' id='word_1_249' title='bbox 394 3971 589 4048; x_wconf 90' lang='lat' dir='ltr'><strong>auctorem,</strong></span> <span class='ocrx_word' id='word_1_250' title='bbox 602 3961 737 4033; x_wconf 90' lang='lat' dir='ltr'><strong>coelum</strong></span> <span class='ocrx_word' id='word_1_251' title='bbox 751 3963 882 4060; x_wconf 89' lang='lat' dir='ltr'><strong>pariter</strong></span> <span class='ocrx_word' id='word_1_252' title='bbox 894 3974 930 4034; x_wconf 92' lang='lat' dir='ltr'><strong>et</strong></span> <span class='ocrx_word' id='word_1_253' title='bbox 943 3960 1086 4033; x_wconf 90' lang='lat' dir='ltr'><strong>Patrem</strong></span> <span class='ocrx_word' id='word_1_254' title='bbox 1100 3988 1196 4058; x_wconf 87' lang='lat' dir='ltr'><strong>quae-</strong></span> 
     </span>
     <span class='ocr_line' id='line_1_33' title="bbox 149 4075 1196 4172; baseline 0.002 -24"><span class='ocrx_word' id='word_1_255' title='bbox 149 4077 309 4150; x_wconf 89' lang='lat' dir='ltr'><strong>rentibus</strong></span> <span class='ocrx_word' id='word_1_256' title='bbox 323 4089 359 4149; x_wconf 90' lang='lat' dir='ltr'><strong>et</strong></span> <span class='ocrx_word' id='word_1_257' title='bbox 372 4075 599 4149; x_wconf 86' lang='lat' dir='ltr'><strong>credentibus</strong></span> <span class='ocrx_word' id='word_1_258' title='bbox 613 4076 855 4172; x_wconf 86' lang='lat' dir='ltr'><strong>pollicentem.</strong></span> <span class='ocrx_word' id='word_1_259' title='bbox 883 4075 990 4159; x_wconf 86' lang='lat' dir='ltr'><strong>Quod</strong></span> <span class='ocrx_word' id='word_1_260' title='bbox 1005 4090 1059 4150; x_wconf 91' lang='lat' dir='ltr'><strong>est</strong></span> <span class='ocrx_word' id='word_1_261' title='bbox 1073 4076 1196 4150; x_wconf 87' lang='lat' dir='ltr'><strong>Chris·</strong></span> 
     </span>
     <span class='ocr_line' id='line_1_34' title="bbox 149 4191 1168 4282; baseline -0.001 -18"><span class='ocrx_word' id='word_1_262' title='bbox 149 4204 207 4265; x_wconf 90' lang='lat' dir='ltr'><strong>tus</strong></span> <span class='ocrx_word' id='word_1_263' title='bbox 225 4192 358 4266; x_wconf 91' lang='lat' dir='ltr'><strong>erimus</strong></span> <span class='ocrx_word' id='word_1_264' title='bbox 376 4191 584 4282; x_wconf 87' lang='lat' dir='ltr'><strong>Christiani,</strong></span> <span class='ocrx_word' id='word_1_265' title='bbox 602 4191 630 4264; x_wconf 92' lang='lat' dir='ltr'><strong>si</strong></span> <span class='ocrx_word' id='word_1_266' title='bbox 648 4191 835 4266; x_wconf 90' lang='lat' dir='ltr'><strong>Christum</strong></span> <span class='ocrx_word' id='word_1_267' title='bbox 853 4191 1025 4266; x_wconf 82' lang='lat' dir='ltr'><strong>fuerimus</strong></span> <span class='ocrx_word' id='word_1_268' title='bbox 1044 4192 1168 4266; x_wconf 90' lang='lat' dir='ltr'><strong>secuti.</strong></span> 
     </span>
    </p>
   </div>
   <div class='ocr_carea' id='block_1_3' title="bbox 0 0 1344 4830">
    <p class='ocr_par' dir='ltr' id='par_1_3' title="bbox 0 0 1344 4830">
     <span class='ocr_line' id='line_1_35' title="bbox 0 0 1344 4830; baseline 0 0"><span class='ocrx_word' id='word_1_269' title='bbox 0 0 1344 4830; x_wconf 95' lang='lat' dir='ltr'><strong> </strong></span> 
     </span>
    </p>
   </div>
  </div>
 </body>
</html>
