2678 4830
120 342 184 408 146
472 340 814 407 TERTULLIANI

121 513 205 590 Deo
235 527 392 587 creatore
419 513 665 587 universorum
697 514 976 588 controversiam
1005 515 1171 590 moveris
1273 592 1276 596 ,

120 631 245 706 Nemo
271 632 423 705 alterurn
450 630 572 704 Deum
601 657 707 706 ausus
732 644 787 704 cst
807 630 1003 732 suspicari:
1028 631 1171 707 facilius

122 747 168 822 de
193 747 299 837 Filio,
319 772 427 846 quam
455 746 501 821 de
527 747 632 820 Patre
657 746 900 836 haesitabatur,
925 745 1045 821 donec
1071 747 1172 822 Mar-

120 866 218 954 cion,
243 878 372 965 praeter
396 877 605 949 creatorem,
632 864 744 937 aliurn
774 864 897 937 Deum
927 863 1037 938 solius
1067 864 1172 938 boni-

122 983 207 1058 tatis
224 981 431 1055 induceret:
457 981 604 1080 Apelles
629 993 824 1054 creatorem
843 981 1028 1080 Angelum
1047 981 1195 1071 nescios

123 1126 231 1199 quem
251 1099 446 1198 gloriosum
464 1097 654 1198 superioris
672 1097 756 1188 Dei,
774 1097 906 1171 faceret
928 1097 1052 1171 Deum
1080 1097 1172 1197 legis
1271 1095 1276 1106 ’

123 1230 161 1290 et
179 1216 332 1305 Israelis,
348 1216 453 1288 illum
476 1214 622 1313 igneum
643 1213 843 1287 affirmans:
869 1213 1086 1289 Valentinus
1103 1216 1173 1289 AE-
1270 1245 1274 1253 ·

123 1360 212 1408 onas
230 1359 313 1407 suos
331 1345 523 1432 spargeret,
540 1344 577 1404 et
599 1331 706 1404 unius
723 1331 854 1404 AEonis
879 1331 1007 1405 vitium
1035 1331 1075 1405 in
1102 1332 1173 1406 ori-

124 1451 246 1551 ginem
277 1449 469 1524 deduceret
497 1448 569 1521 Dei
601 1448 778 1521 creatoris.
831 1448 901 1521 His
932 1449 1015 1522 solis
1046 1461 1084 1522 et
1113 1449 1171 1523 his

123 1566 251 1666 primis
268 1567 424 1638 revelata
440 1578 495 1638 est
511 1564 640 1638 veritas
662 1563 880 1649 divinitatis3
907 1564 1080 1662 majorem
1104 1565 1173 1639 sci·
1187 1597 1218 1636 ιο

123 1683 209 1755 licet
233 1681 482 1780 dignationem
506 1695 542 1754 et
571 1680 772 1780 pleniorem
799 1680 952 1779 gratiam
980 1708 1001 1753 a
1025 1680 1173 1756 diabolo

123 1799 337 1886 consecutis,
355 1797 417 1896 qui
442 1797 565 1870 Deum
591 1797 641 1870 sic
664 1823 809 1895 quoque
826 1795 978 1871 voluerit
997 1798 1174 1890 aemulari,

123 1928 166 1989 ut
182 1915 227 1988 de
244 1913 415 1987 doctrinis
433 1931 655 1987 venenorum
676 1913 788 2012 (quod
806 1913 991 1987 Dominus
1009 1915 1172 2014 negavit)

43 2045 68 2094 rt·
124 2034 202 2134 ipse
227 2032 359 2105 faceret
388 2030 582 2130 discipulos
610 2057 717 2129 super
746 2031 970 2130 magistrum.
1021 2030 1174 2131 Eligant

125 2150 236 2251 igitur
253 2149 320 2223 sibi
338 2162 503 2248 tempora
520 2147 693 2220 universae
717 2148 880 2233 hareses,
898 2175 978 2246 quae
1001 2144 1098 2249 (for.
1113 2150 1173 2224 de·
1187 2175 1219 2234 15

127 2269 236 2367 leod.)
263 2265 409 2365 quando
433 2265 577 2354 fuerint,
597 2264 684 2337 dum
704 2262 804 2365 (for.
823 2270 922 2363 curn)
940 2290 1012 2338 non
1031 2265 1173 2342 intersit

125 2412 207 2486 quae
246 2381 345 2485 (sor.
369 2383 664 2482 distinguendum
692 2392 779 2478 post
813 2382 908 2479 quae)
947 2381 1092 2480 quando
1126 2383 1173 2458 de

125 2502 273 2576 veritate
298 2526 370 2573 non
397 2499 479 2572 sint.
513 2499 652 2596 Utique
677 2524 757 2597 quoe
784 2500 829 2570 ab
856 2497 1025 2597 apostolis
1053 2496 1173 2572 nomi·

43 2690 45 2697 ,
124 2632 219 2692 natae
248 2643 321 2689 non
351 2617 509 2705 fuerunt,
539 2617 607 2689 sub
642 2615 811 2713 apostolis
845 2613 955 2687 fuisse
986 2641 1058 2687 non
1089 2641 1174 2715 pos-

127 2747 221 2806 sunt.
265 2732 303 2803 Si
322 2735 419 2804 enim
437 2731 601 2820 fuissent,
619 2731 892 2804 nominarentur
908 2743 945 2803 et
962 2731 1061 2829 ipsae,
1080 2744 1120 2804 ut
1137 2744 1175 2805 et
1183 2761 1220 2801 20

126 2848 215 2948 ipsae
233 2846 449 2921 coercendae.
501 2849 593 2930 Quae
616 2873 700 2919 vero
727 2848 794 2920 sub
821 2847 993 2946 apostolis
1016 2847 1174 2939 fuerunt,

125 2964 163 3037 in
190 2991 253 3037 sua
278 2964 524 3036 nominatione
546 2964 776 3037 damnantur.
829 2963 912 3035 Sive
935 2990 1019 3062 ergo
1037 2964 1171 3038 eaedem

125 3109 223 3156 nunc
247 3094 331 3155 sunt
353 3080 536 3178 aliquanto
561 3080 800 3181 expolitiores,
817 3108 898 3178 quae
916 3083 983 3154 sub
1001 3082 1173 3181 apostolis

125 3200 248 3286 rudes3
268 3198 402 3272 habent
420 3225 522 3272 suam
541 3197 671 3271 exinde
689 3197 981 3270 damnationem:
1001 3199 1074 3271 sive
1092 3198 1173 3273 aliae

125 3317 273 3415 quidem
291 3316 531 3400 incesserunt,
545 3315 622 3389 aliae
637 3327 756 3388 autem
772 3327 897 3414 postea
914 3315 1049 3387 obortae
1067 3340 1172 3413 quas·
1184 3341 1198 3381 a
1203 3338 1219 3398 5

125 3432 209 3506 dam
225 3460 271 3505 ex
283 3434 353 3505 illis
365 3433 551 3532 opiniones
561 3445 834 3532 usurpaverunt,
845 3430 1011 3504 habendo
1023 3457 1107 3504 curn
1122 3431 1173 3504 eis

127 3549 347 3623 consortium
366 3548 640 3648 praedicationis,
655 3548 812 3621 habeant
830 3574 973 3620 necesse
992 3561 1046 3620 est
1062 3548 1172 3621 etiam

127 3665 347 3740 consortium
374 3664 631 3756 damnationis,
644 3665 870 3764 praecedente
894 3663 957 3738 illo
983 3667 1055 3738 fine
1073 3664 1172 3767 (for.

126 3781 388 3879 innodemus)
403 3780 608 3879 supradicto
625 3780 861 3881 posteritatis;
885 3808 968 3879 quo,
990 3781 1055 3854 etsi
1080 3781 1170 3854 nihil

127 3896 172 3972 de
185 3897 406 3970 damnatitiis
419 3897 685 3996 participarent,
695 3899 740 3972 de
753 3910 859 3970 aetate
873 3899 948 3970 sola
963 3897 1173 3997 praejudica·
1182 3925 1220 3982 30

125 4028 260 4104 rentur,
276 4027 379 4086 tanto
396 4014 511 4112 magis
530 4013 710 4104 adulterae,
727 4026 864 4113 quanto
882 4041 948 4088 nec
966 4016 1012 4089 ab
1030 4026 1173 4116 aposto-

126 4133 170 4205 lis
188 4131 394 4205 nominatae.
448 4129 557 4204 Unde
575 4131 713 4205 firmius
732 4142 884 4221 constat,
902 4132 967 4205 has
985 4159 1074 4219 esse,
1091 4157 1172 4230 quae

128 4246 247 4322 adhuc
263 4260 352 4322 tunc
369 4247 629 4321 nuntiabantur
644 4249 787 4322 futurae.
