2678 4830
334 324 399 388 DE
423 323 825 390 PRAESCRIPTIONE
848 327 977 392 HAER.
1116 329 1178 394 181

131 522 204 569 non
222 493 464 568 admittendos
483 523 543 570 eos
562 495 605 569 ad
625 497 734 570 ullam
754 497 800 571 de
818 497 1002 598 scripturis
1019 498 1181 599 disputa-

129 613 277 686 tionem.
313 611 351 684 Si
372 612 426 686 hae
445 627 529 687 sunt
545 615 618 688 iliae
636 614 727 688 vires
745 642 883 705 eorum,
901 617 951 691 uti
971 643 1029 690 eas
1050 617 1180 692 habere

127 727 279 828 possint,
296 727 424 827 dispici
446 728 566 821 debet,
582 731 640 804 cui
665 744 848 831 competat
870 731 1047 831 possessio
1069 734 1180 834 scrip-

128 856 312 917 turarum:
339 872 385 918 ne
408 845 438 918 is
462 845 674 920 admittatur
695 846 738 920 ad
761 873 855 940 eam,
874 848 933 922 cui
951 849 1179 923 nullomodo

99 961 314 1061 scompetit.

178 1079 264 1152 Hoc
290 1079 335 1152 de
361 1080 511 1152 consilio
536 1080 756 1171 diffidentiae,
777 1095 839 1155 aut
863 1081 909 1155 de
933 1080 1052 1156 studio
1076 1082 1179 1156 aliter
1222 1106 1306 1156 car.

128 1195 295 1270 ineundae
318 1197 586 1271 constitutionis
612 1198 828 1289 induxerim,
844 1199 914 1272 nisi
937 1199 1028 1272 ratio
1046 1199 1178 1272 consti·
1227 1172 1301 1222 XVI'

19 1398 24 1408 Ι
126 1313 221 1403 terit,
245 1312 283 1386 in
313 1313 440 1413 primis
466 1315 538 1404 illa,
564 1314 662 1412 quod
692 1317 782 1388 fides
810 1330 931 1389 nostra
961 1316 1321 1414 obsequiumrnpm.

127 1429 291 1528 apostolo
318 1428 448 1504 debeat
475 1431 681 1530 prohibenti
712 1433 926 1531 quaestiones
952 1432 1053 1520 inire,
1073 1432 1175 1506 novis
1186 1400 1282 1451 Tm

81 1577 117 1616 10
126 1547 274 1620 vocibus
298 1573 399 1619 aures
424 1547 709 1637 accommodare,
728 1548 936 1622 haereticum
959 1561 1041 1647 post
1065 1576 1176 1622 unam

126 1664 387 1763 correptionem
423 1664 626 1754 convenire,
656 1691 729 1737 non
763 1678 847 1764 post
880 1664 1174 1763 disputationem.

125 1781 228 1854 Adeo
252 1781 441 1854 interdixit
462 1780 757 1881 disputationem,
775 1780 1035 1880 correptionem
1059 1782 1176 1882 desig·

126 1925 216 1971 nans
234 1925 380 1971 causam
399 1898 555 1972 haeretici
575 1898 831 1973 conveniendi:
858 1910 895 1970 et
914 1896 1010 1999 (for.
1024 1901 1085 1994 ex)
1105 1898 1176 1973 hoc

127 2040 248 2102 unam,
272 2015 420 2104 scilicet,
442 2015 527 2112 quia
553 2042 627 2087 non
651 2026 705 2087 est
728 2013 979 2087 Christianus:
1007 2040 1175 2088 nemore
1220 2034 1224 2041 '

81 2130 333 2222 15Christiani,
351 2133 460 2204 semel
486 2145 523 2203 et
546 2131 689 2220 iterum,
712 2143 749 2204 et
772 2132 840 2203 sub
863 2132 1005 2203 duobus
1028 2139 1091 2204 aut
1111 2132 1338 2207 tri-Manain.

125 2250 192 2322 bus
209 2249 361 2322 testibus
385 2246 614 2347 castigandus
637 2247 838 2321 videretur:
865 2273 951 2320 cum
975 2248 1023 2319 ob
1041 2246 1110 2320 hoc
1128 2247 1175 2321 sit

126 2364 366 2464 castigandus,
390 2378 536 2465 propter
562 2363 661 2462 quod
684 2392 756 2437 non
781 2364 827 2437 sit
852 2391 936 2437 cum
964 2364 1026 2437 ilio
1050 2363 1174 2464 dispu-

124 2482 288 2555 tandum.
319 2481 465 2555 Deinde
482 2483 655 2580 quoniam
674 2480 767 2553 nihil
786 2481 952 2581 proficiat
968 2482 1173 2580 congressio

125 2599 392 2697 scripturarum,
409 2599 479 2672 nisi
502 2598 610 2698 plane
635 2612 676 2672 ut
700 2610 762 2672 aut
786 2598 964 2672 stomachi
986 2601 1059 2696 qut
1076 2599 1173 2671 ineat

77 2747 115 2785 20
125 2717 358 2802 eversionem,
376 2729 438 2790 aut
454 2715 601 2789 cerebri.

174 2832 251 2905 Ista
277 2832 419 2905 haeresis
445 2859 519 2905 non
544 2830 672 2930 recipit
698 2829 873 2929 quasdam
897 2829 1108 2927 scripturas:
1135 2844 1173 2904 et
1219 2867 1295 2916 cap

124 2947 152 3020 si
176 2973 266 3045 quas
291 2947 429 3047 recipit,
452 2974 525 3021 non
552 2947 680 3046 recipit
705 2947 883 3044 integras:
910 2943 1173 3040 adjectionibus
1216 2932 1303 2982 Μ’

123 3074 160 3134 et
176 3062 458 3136 detractionibus
474 3063 518 3137 ad
531 3062 804 3164 dispositionem
818 3060 973 3134 instituti
991 3061 1046 3133 sui
1065 3060 1174 3134 inter-

123 3180 249 3253 vertit:
277 3194 313 3252 et
336 3180 363 3252 si
389 3180 615 3278 aliquatenus
637 3180 793 3280 integras
813 3189 972 3277 praestat,
989 3177 1173 3249 nibilomi-

78 3319 112 3380 25
123 3321 190 3366 nus
224 3293 379 3368 diversas
419 3296 663 3395 expositiones
702 3304 947 3369 commentata
981 3292 1170 3366 convertit.

122 3411 281 3485 Tantum
306 3412 444 3485 veritati
468 3411 645 3511 obstrepit
669 3411 809 3485 adulter
835 3436 970 3498 sensus,
993 3419 1170 3506 quantum

123 3544 160 3604 et
185 3543 370 3632 corruptor
394 3531 520 3632 stylus.
562 3531 679 3604 Variae
711 3528 811 3631 (for.
838 3556 949 3602 vanae.
973 3530 1172 3626 Canterus)

122 3649 419 3748 praesumptiones
442 3648 642 3723 necessario
664 3650 794 3721 nolunt
818 3672 1010 3744 agnoscere
1033 3672 1087 3736 ea,
1109 3670 1173 3744 per

123 3787 203 3858 quae
227 3764 470 3838 revincuntur.
523 3763 594 3837 His
618 3763 785 3838 nituntur
801 3788 881 3860 quae
899 3788 944 3835 ex
960 3760 1052 3835 falso
1073 3786 1174 3834 com·

73 3894 331 3978 30posuerunt‚
349 3895 386 3956 et
402 3909 482 3980 quae
506 3880 551 3954 de
575 3880 812 3980 ambiguitate
836 3891 1020 3979 ceperunt.
1073 3875 1173 3961 Quid
1250 3898 1253 3903 ·

122 3997 351 4095 promovebis
386 3997 682 4072 exercitatissime
717 3998 986 4098 scripturarum,
1021 4019 1106 4066 cum
1142 3992 1171 4063 si

123 4113 211 4210 quid
230 4114 445 4207 defenderis,
462 4117 635 4216 negetur?
661 4143 706 4189 ex
730 4116 881 4204 diverso,
905 4110 1041 4211 siquid
1066 4132 1174 4208 nega-

121 4231 226 4322 veris,
243 4231 476 4307 defendatur?
519 4233 569 4308 Et
593 4248 634 4306 tu
660 4232 807 4328 quidem
832 4230 923 4303 nihil
946 4226 1085 4329 perdes,
1102 4225 1172 4300 nisi
1233 4306 1235 4310 ,

620 4365 679 4414 xa
