2678 4830
325 348 564 415 EPISTOLA
586 348 655 411 AD
679 348 712 413 S.
730 345 1030 412 CYPRIANUM.
1140 347 1205 414 237

158 535 220 631 qui
239 535 372 608 invitus
389 546 426 606 et
447 534 659 607 necessitate
679 532 936 632 persecutionis
960 543 1105 606 coactus
1123 557 1204 605 suc-

150 652 297 740 cubuit,
310 663 346 723 et
363 650 465 722 illum
485 650 549 747 qui
568 649 739 748 sacrilega
751 653 934 724 voluntate
948 648 1065 722 audax
1079 661 1205 722 contra

158 767 346 841 ecclesiam
371 766 530 852 rebellat,
549 766 604 840 vel
631 766 668 837 in
691 767 833 840 Patrem
852 777 889 837 et
912 764 1037 838 Deum
1054 764 1206 853 Christi,

112 938 116 944 -
158 896 195 957 et
225 884 335 957 totius
364 881 492 954 mundi
523 880 758 971 conditorem,
784 880 897 979 impia
923 908 1010 955 voce
1039 881 1206 980 blaspbe-

130 1011 245 1101 Smat.
275 998 327 1069 Et
343 1023 417 1069 non
434 995 547 1094 pudet
565 996 791 1096 Stephanum
813 996 882 1069 hoc
900 1023 1065 1086 asserere,
1082 1010 1124 1069 ut
1141 1023 1206 1096 per

158 1140 219 1186 eos
241 1114 304 1210 qui
328 1139 413 1187 cum
437 1113 504 1212 ipsi
525 1109 846 1214 (subtegendum,
870 1113 1093 1210 quicumque
1115 1113 1200 1212 ipsi)

158 1231 196 1302 in
219 1230 387 1302 omnibus
412 1229 568 1328 peccatis
592 1229 665 1302 sint
688 1229 886 1319 constituti,
902 1229 999 1303 dicat
1020 1256 1127 1329 posse
1150 1257 1206 1303 re·

158 1346 369 1419 missionem
394 1358 626 1444 peccatorum
650 1344 750 1418 dari?
786 1332 899 1426 Quasi
924 1346 1039 1444 possit
1064 1373 1141 1421 esse
1167 1347 1206 1420 in

157 1458 269 1551 domo
292 1459 416 1533 mortis
440 1459 621 1532 lavacrum
643 1459 777 1531 salutis.
827 1459 903 1533 Ubi
920 1486 1006 1558 ergo
1022 1460 1090 1533 erit
1106 1461 1205 1558 quod

114 1576 332 1675 10scriptum
351 1588 426 1659 est3
450 1575 510 1648 Ab
534 1602 628 1672 aqua
652 1575 767 1648 aliena
789 1576 931 1648 abstine
949 1588 997 1666 te,
1014 1589 1051 1650 et
1067 1605 1087 1651 a
1104 1578 1332 1651 fonteProv.'ix.

150 1693 276 1765 alieno
300 1718 346 1764 ne
370 1690 525 1764 biberis:
553 1690 582 1763 si
609 1690 732 1764 relicto
754 1691 913 1765 ecclesiae
930 1690 1031 1764 fonte
1052 1692 1205 1790 signato,
1216 1681 1253 1730 ¹⁹⁶

158 1809 313 1883 alienam
341 1835 471 1906 aquam
500 1835 564 1906 pro
586 1821 648 1882 tua
671 1807 834 1907 suscipis,
852 1821 889 1881 et
912 1806 1071 1906 profanis
1094 1807 1207 1881 fonti-

158 1927 225 1999 bus
244 1926 432 1999 ecclesiam
451 1924 608 2024 polluis?
643 1923 800 2007 Quando
817 1924 915 1996 enim
934 1908 1115 2022 baptismo
1134 1924 1207 1997 hae-

157 2043 351 2116 reticorum
377 2041 636 2125 communicas,
662 2040 751 2137 quid
777 2039 874 2114 aliud
900 2065 1008 2136 quam
1036 2040 1081 2113 de
1105 2067 1207 2113 vora-

113 2180 147 2241 15
158 2159 241 2257 gine
259 2170 297 2231 et
313 2184 420 2231 coeno
439 2157 582 2229 illorum
601 2155 707 2245 bibis,
720 2169 757 2228 et
774 2155 851 2253 ipse
868 2154 1028 2229 ecclesiae
1045 2155 1206 2229 sanctifi·

158 2275 301 2348 catione
316 2286 503 2372 purgatus,
514 2272 708 2345 alienarum
730 2271 889 2344 sordium
908 2271 1134 2345 contactibus
1152 2271 1205 2343 in-

157 2389 340 2488 quinaris?
372 2388 454 2460 Nec
473 2389 603 2460 metuis
622 2386 802 2482 judicium
820 2385 892 2458 Dei
911 2385 1089 2460 haeretieis
1107 2387 1207 2461 testi-

158 2504 322 2577 monium
342 2516 468 2576 contra
485 2502 673 2575 ecclesiam
697 2501 903 2601 perhibens,
921 2530 1005 2577 cum
1031 2504 1204 2602 scripturn

158 2622 227 2694 sit·
253 2620 380 2694 Falsus
398 2618 499 2692 testis
518 2645 588 2690 non
608 2619 675 2690 erit
691 2617 905 2716 impunitus.
1214 2631 1287 2680 Prov-
1311 2631 1339 2673 «⁸¹

111 2762 149 2801 20
207 2735 312 2809 XVI.
337 2734 570 2818 Quinimmo
588 2747 627 2807 tu
645 2733 820 2808 haereticis
839 2733 1008 2807 omnibus
1026 2739 1128 2835 pejor
1145 2762 1202 2809 es·
1193 2707 1297 2875 ,burum
1331 2785 1337 2805 -.

158 2879 244 2927 nam
266 2878 349 2926 cum
374 2851 458 2925 inde
485 2850 590 2924 multi
617 2851 762 2949 cognito
785 2877 902 2924 errore
928 2876 993 2924 suo
1019 2851 1064 2925 ad
1090 2865 1126 2926 te
1146 2879 1204 2925 ve·
1189 2842 1297 2940 -ffim

158 2968 272 3056 niant,
289 2980 332 3040 ut
354 2967 515 3040 ecclesiae
530 2992 656 3039 verum
677 2967 800 3040 lumen
824 2966 1022 3067 accipiant3
1049 2980 1089 3040 tu
1107 2994 1202 3040 vem·
1178 2958 1309 3071 fflwh

158 3084 296 3157 entium
322 3110 455 3157 errores
482 3083 537 3156 ad
521 3111 640 3180 Juvas,
657 3097 694 3157 et
716 3084 907 3158 obscurato
930 3083 1069 3156 lumine
1090 3085 1203 3156 eccle·
1188 3087 1316 3203 -πξῃξῡ

159 3199 309 3274 siasticae
326 3199 499 3288 veritatis,
516 3201 681 3273 tenebras
705 3198 883 3273 haereticae
900 3199 1016 3273 noctis
1034 3226 1205 3275 accumu-

111 3339 146 3401 25
158 3316 221 3390 las.
268 3316 437 3414 Cumque
455 3344 493 3390 se
510 3316 562 3388 illi
580 3315 618 3388 in
635 3315 794 3414 peccatis
811 3342 900 3403 esse,
918 3328 956 3388 et
971 3315 1061 3390 nihil
1082 3318 1205 3418 gratiae

157 3433 290 3506 habere
313 3458 362 3521 se,
380 3460 423 3506 ac
444 3445 633 3531 propterea
656 3430 700 3504 ad
725 3432 915 3506 ecclesiam
932 3432 1053 3506 venire
1070 3434 1206 3508 fatean-

157 3562 236 3634 tur;
263 3561 302 3621 tu
326 3547 377 3621 eis
403 3548 652 3621 remissionem
675 3562 904 3645 peccatorum
924 3548 1104 3622 subtrahis
1122 3576 1205 3647 quae

158 3665 395 3765 in-baptismo
412 3663 527 3754 datur,
544 3663 634 3736 dum
651 3663 741 3738 dieis
758 3691 819 3738 eos
836 3664 917 3761 jam
938 3664 1151 3764 baptizatos,
1169 3681 1206 3742 et

158 3793 258 3854 extra
283 3781 472 3856 ecclesiam
500 3779 659 3853 ecclesiae
689 3781 844 3880 gratiam
870 3795 1105 3857 consecutos:
1136 3811 1205 3857 nec
1236 3780 1241 3787 ’

108 3895 330 3996 3ointelligis
357 3897 495 3976 animas
518 3922 643 3969 eorum
665 3895 711 3970 de
727 3922 839 3971 manu
859 3909 922 3970 tua
944 3897 1096 3995 exquiri,
1119 3925 1204 3972 cum

153 4010 283 4109 judicii
307 4012 383 4087 dies
409 4012 602 4102 advenerit,
627 4013 690 4112 qui
721 4013 925 4088 sitientibus
954 4012 1114 4087 ecclesiae
1139 4042 1206 4114 po·

152 4141 239 4202 —tum
266 4130 404 4228 negasti
418 4158 432 4224 :-
454 4143 490 4204 et
506 4129 711 4204 volentibus
732 4131 850 4206 vivere
873 4157 981 4204 causa
1003 4130 1128 4205 mortis
1150 4132 1205 4206 fu·

159 4244 228 4318 isti.
278 4244 328 4317 Et
347 4244 492 4344 insuper
508 4245 714 4346 indignaris.
