2678 4830
626 619 669 678 IN

433 788 480 886 S.
510 786 864 891 CYPRIANI

586 1025 713 1067 LIBRUM

327 1174 403 1244 DE
439 1174 590 1247 ZELO
627 1176 704 1247 ΕΤ
739 1175 974 1248 LIVORE.

414 1373 886 1456 ANNOTATIONES.

502 1617 791 1664 -ψ-

167 1798 207 1860 P.
224 1817 297 1882 304.
320 1798 342 1861 l.
359 1818 386 1865 2.
412 1799 523 1862 Lmen
548 1819 592 1861 on
617 1800 711 1862 Zeno
737 1818 780 1861 nr
810 1799 956 1883 Lrvoan]
982 1798 1088 1864 Liber
1110 1802 1179 1881 iste,

123 1882 263 1970 ejusdem
285 1883 351 1947 fere
373 1882 550 1970 argumenti
571 1906 644 1946 cum
667 1883 719 1947 lib.
745 1882 785 1946 de
811 1881 978 1962 Patientia,
1003 1907 1043 1948 ex
1066 1886 1179 1951 eadem

123 1969 282 2033 occasione
304 1969 395 2034 etiam
421 1968 556 2056 scriptus
573 1968 706 2032 videtur.
754 1968 816 2032 Sed
835 1991 907 2032 cum
930 1969 963 2033 in
984 1970 1122 2057 epistola
1137 1973 1179 2037 ad

123 2056 146 2118 J
149 2056 317 2120 ubaianum
333 2070 484 2121 tractatus
498 2055 539 2119 de
554 2054 722 2132 Patientia,
734 2076 797 2118 non
811 2068 917 2119 autem
931 2054 1030 2141 hujus
1041 2056 1083 2120 de
1096 2058 1178 2122 Zelo

124 2157 155 2206 et
178 2143 304 2216 Livore,
321 2142 497 2206 meminerit
519 2141 719 2228 Cyprianus;
743 2163 801 2226 par
815 2154 863 2204 est
879 2140 1016 2220 credere,
1032 2153 1177 2230 tempore

124 2228 298 2314 scriptionis
320 2227 409 2292 istius
433 2226 582 2313 epistolae,
598 2226 732 2290 alterum
753 2226 889 2289 duorum
910 2240 1105 2298 tractatuum
1126 2252 1175 2294 so1

124 2313 285 2378 lumrnodo
305 2314 400 2378 fuisse
422 2313 649 2377 elucubratum.
695 2311 834 2375 Proinde
853 2325 1012 2377 auctorem
1031 2328 1177 2380 nostrum

124 2399 211 2463 hunc
234 2423 296 2464 non
315 2413 387 2464 aute
408 2422 526 2465 annum
548 2398 690 2485 proxime
712 2413 905 2485 sequentem,
926 2398 1074 2463 nimirum
1100 2405 1174 2488 256.

124 2484 267 2549 edidisse.
312 2484 456 2550 Ulterius
477 2499 582 2549 autem
604 2484 683 2548 illud
705 2507 786 2571 opus
806 2485 934 2549 minime
954 2484 1100 2565 dilatum,
1124 2511 1178 2551 ex-

125 2571 199 2634 inde
214 2570 382 2645 suadetur;
407 2571 493 2657 quod
509 2569 613 2635 statim
628 2570 802 2657 persecutio
816 2570 986 2658 ingrueret,
1002 2595 1075 2658 quae
1089 2573 1175 2659 pub-

127 2656 185 2719 lica
204 2656 292 2720 clade
310 2656 448 2743 privatas
467 2656 650 2733 simultates,
666 2657 933 2742 quemadmodum
953 2657 1055 2722 ruinae
1075 2657 1178 2723 solent

126 2742 279 2821 incendia,
292 2743 502 2830 extingueret:
518 2765 654 2828 quaeque
668 2742 760 2806 etiarn
776 2743 971 2830 cyprianum
986 2742 1090 2830 ipsum
1104 2767 1179 2831 per-

126 2827 214 2905 culit,
233 2843 265 2892 et
279 2829 422 2893 Curabas
440 2829 628 2892 amandavit.
674 2827 835 2893 Libellum
853 2829 937 2892 hunc
955 2828 1089 2893 Pontius
1108 2831 1176 2894 evi-

126 2912 237 2976 denter
251 2912 404 2999 designat,
420 2913 549 3000 quando
562 2913 623 2977 ait:
650 2915 730 2987 Quia
749 2916 879 2978 livorem
894 2915 932 2978 de
951 2923 1105 2979 ammata
1124 2917 1178 2980 irt-

126 3000 225 3063 nidice
244 3001 447 3087 malignitate
473 3001 655 3074 venientem,
679 2999 841 3064 dulcedine
863 3001 994 3064 remedii
1018 3001 1178 3068 salutaria

126 3086 302 3151 inhiberet?
326 3086 480 3174 Ejusdem
493 3084 634 3149 meminit
645 3083 777 3148 Hieron.
789 3085 823 3148 in
833 3087 1011 3150 Comment.
1023 3085 1056 3148 in
1067 3086 1176 3173 Epist.

31 3172 36 3179 ”
127 3172 168 3236 ad
184 3172 288 3236 Galat.
304 3197 329 3237 c.
342 3192 372 3258 5.
390 3172 444 3238 ubi
464 3172 602 3260 appellat
621 3171 738 3235 librum
757 3172 794 3233 de
814 3171 888 3235 Zela
902 3181 932 3235 et
946 3172 1062 3235 Livore
1082 3173 1178 3238 ualde

125 3260 289 3344 optimum,
307 3259 381 3341 (hoc
396 3260 505 3324 addito
519 3257 635 3345 elogio)
651 3278 745 3344 qaam
760 3258 814 3342 qai
829 3258 953 3343 legerit,
967 3279 1033 3321 aaa
1045 3256 1177 3322 dabita-

126 3344 171 3406 bit
191 3366 405 3409 annumerare
424 3348 570 3432 operibat
586 3345 695 3407 corais
713 3341 880 3406 inuidiam.
926 3343 1050 3407 Pariter
1063 3340 1177 3409 laudat

126 3430 300 3514 Augustin.
316 3430 370 3494 lib.
389 3432 447 3494 IV.
461 3454 488 3495 c.
500 3432 530 3494 8.
542 3453 573 3516 9.
586 3450 637 3493 11.
654 3429 695 3492 de
709 3426 863 3513 Baptism.
879 3442 962 3492 cont.
980 3427 1176 3509 Donatistae,

126 3526 158 3576 et
172 3513 265 3577 etiam
280 3515 336 3578 lib.
351 3517 386 3579 V.
403 3539 428 3579 c.
446 3536 494 3596 14.
533 3516 619 3580 Citat
633 3514 725 3578 etiam
742 3513 832 3577 Beda
850 3529 970 3578 nostras
984 3513 1018 3577 in
1035 3534 1049 3575 1
1064 3513 1174 3600 Epist.

127 3599 170 3662 D.
184 3599 272 3662 Petri
292 3624 318 3663 c.
339 3600 397 3664 ult.
428 3603 575 3667 Firmus.
621 3603 704 3664 Cum
732 3601 865 3664 Sanctus
888 3599 1090 3686 Augustinus
1112 3599 1173 3662 ini-

127 3684 206 3748 tium
218 3699 249 3749 et
264 3686 410 3785 quaedam
421 3686 482 3750 alia
492 3686 588 3772 hujus
598 3684 670 3748 libri
682 3685 749 3750 loca
756 3686 913 3751 retulisset
923 3685 956 3748 in
966 3685 1048 3749 libro
1058 3699 1175 3771 quarto
1266 3696 1269 3701 '

126 3772 166 3835 de·
193 3774 357 3859 Baptrsmo
379 3786 488 3837 contra
513 3770 694 3835 Donatistas
719 3795 786 3860 cap.
810 3774 837 3836 8.
867 3787 975 3859 postea
1000 3770 1061 3835 ait:
1086 3772 1173 3837 Haec

126 3860 222 3923 verba
238 3861 398 3946 Cypriani
420 3860 456 3921 ia
477 3858 607 3944 epistola
625 3859 753 3944 papalia
773 3868 849 3923 aota
867 3880 962 3944 qaam
982 3877 1058 3921 vera
1077 3879 1172 3943 qaam

111 3945 224 4028 fortia
245 3947 312 4010 aial
330 3946 592 4031 recognoscimus.
626 3946 700 4007 Vere
714 3946 817 4008 decuit
833 3946 1033 4030 Cypriacam
1051 3943 1089 4006 de
1105 3944 1174 4008 zela

124 4040 155 4093 et
173 4032 272 4095 linare
292 4040 322 4095 et
340 4051 479 4117 arguere
492 4032 643 4116 graviter
660 4039 690 4094 et
708 4050 879 4106 macerae
900 4051 961 4115 qao
981 4039 1045 4093 tam
1059 4031 1172 4093 morti-

110 4116 193 4199 firo
206 4119 288 4181 malo
301 4139 354 4181 car
368 4119 436 4202 ejas
445 4117 577 4203 penitae
590 4117 729 4180 alienam
743 4123 834 4179 taata
847 4117 993 4179 caritatis
1006 4115 1172 4179 amadan-

124 4203 171 4263 te'a
187 4204 410 4288 comprobavit.
457 4202 548 4266 Idem
565 4202 622 4283 (sic
642 4214 724 4265 recte
743 4200 882 4286 reposuit
897 4224 955 4289 pro
971 4200 1171 4288 Hieronymo
