2678 4830
133 337 199 400 240
254 333 442 400 FIRMIL.
460 333 694 399 EPIST.·AD
715 334 746 399 S.
761 335 1068 403 CYPRIANUM.
1171 425 1175 430 .

133 533 206 596 cos,
223 519 260 580 et
277 533 349 579 non
368 505 594 580 Christianos
611 507 807 580 vocamus?
847 507 956 579 Porro
973 533 1060 580 cum
1079 509 1188 582 nobis

132 636 170 696 et
187 623 362 697 haereticis
384 649 452 697 nec
473 622 577 696 Deus
601 649 694 697 unus
713 623 769 712 sit,
787 649 854 697 nec
874 623 1058 697 Dominus
1076 650 1186 714 unus,

132 764 200 813 nec
216 765 289 812 una
305 739 467 828 eeclesia,
485 765 551 812 nee
569 737 657 812 fides
674 764 759 828 una,
776 737 838 812 sed
864 766 931 812 nec
956 766 1048 813 unus
1067 741 1185 840 Spiri-

130 868 200 944 tus,
226 869 289 929 aut
315 881 445 954 corpus
476 881 611 940 unum;
648 855 880 928 manifestum
910 869 965 929 est
994 883 1062 930 nec
1091 859 1184 958 bap-

129 971 238 1044 tisma
261 970 365 1043 nobis
388 983 425 1043 et
449 969 624 1043 haereticis
650 996 845 1043 commune
865 997 942 1044 esse
963 999 1081 1071 posse,
1098 976 1207 1070 qui-5

129 1088 197 1160 bus
214 1087 306 1160 nihil
325 1100 380 1160 est
397 1085 546 1159 omnino
564 1113 771 1160 commune.
814 1088 864 1161 Et
881 1100 1002 1161 tamen
1021 1116 1095 1162 non
1112 1118 1182 1190 pu-

129 1204 192 1277 det
213 1204 441 1303 Stephanum
468 1202 600 1277 talibus
622 1203 792 1277 adversus
813 1203 1003 1277 ecclesiam
1024 1207 1181 1305 patroci-

128 1319 231 1394 nium
249 1332 427 1419 praestare,
444 1332 480 1392 et
503 1333 650 1418 propter
674 1319 860 1392 haereticos
885 1320 1091 1394 asserendos
1109 1322 1181 1397 fra-

2 1472 4 1489 2
88 1435 335 1510 'v·ternitatem
365 1435 548 1509 scindere:
585 1435 732 1535 insuper
757 1448 794 1508 et
820 1435 1043 1535 Cyprianum
1070 1464 1179 1537 pseu-

129 1551 367 1641 dochristum,
385 1564 422 1624 et
438 1551 794 1651 pseudoapostolum,
812 1565 849 1625 et
865 1552 1030 1626 dolosum
1051 1580 1176 1652 opera-
1191 1584 1229 1622 10

15 1714 45 1744 r
72 1692 78 1708 ·
129 1669 222 1742 rium
240 1667 381 1740 dicere?
417 1668 490 1750 Qui
510 1665 607 1768 (for.
622 1669 729 1766 Quae)
743 1669 868 1741 omnia
883 1669 920 1741 in
940 1696 977 1742 se
994 1696 1071 1744 esse
1088 1698 1179 1744 eon-

129 1785 223 1856 scius
240 1781 435 1881 praevenit;
461 1794 503 1855 ut
526 1783 628 1856 alteri
648 1809 690 1855 ea
712 1809 777 1882 per
795 1781 1021 1857 mendacium
1041 1784 1178 1882 objice-

126 1912 193 1988 ret,
216 1924 298 1994 quae
323 1897 400 1996 ipse
426 1923 472 1970 ex
499 1898 628 1970 merito
655 1898 776 1971 audire
801 1899 959 1973 deberet.
1007 1901 1111 1974 Bene
1137 1915 1177 1976 te

127 2016 243 2088 valere
270 2013 439 2087 omnibus
465 2013 570 2086 nobis
595 2012 695 2114 (for.
716 2015 862 2111 modis),
888 2043 971 2090 curn
999 2016 1176 2092 universis

126 2130 189 2229 qui
214 2130 251 2203 in
274 2129 399 2204 Africa
424 2144 508 2204 suut
533 2131 722 2230 episcopis,
744 2145 781 2205 et
807 2132 945 2205 cunctis
967 2133 1117 2220 clericis,
1137 2147 1176 2207 et
1191 2161 1224 2222 ¹5

126 2247 227 2321 omni
256 2247 477 2321 fraternitate
508 2248 662 2321 universi
698 2262 890 2348 optamus3
926 2262 967 2322 ut
997 2264 1176 2350 perpetuo

127 2363 315 2437 unanimes
337 2377 374 2436 et
399 2390 513 2437 unum
541 2365 734 2438 sentientes
759 2366 955 2438 habeamus
981 2366 1173 2441 nobiscum

125 2481 233 2554 etiam
253 2480 298 2553 de
316 2481 515 2579 longinquo
533 2480 717 2554 adunatos.
772 2483 885 2555 Extat
909 2482 986 2555 haec
1007 2482 1174 2581 Epistola

126 2596 222 2698 apud
246 2598 284 2671 S.
303 2597 543 2698 Cyprianum,
568 2599 654 2673 edit.
677 2598 905 2674 Benedictin.
929 2600 1039 2674 Paris.
1065 2601 1172 2691 1726.

126 2742 163 2814 p.
180 2729 261 2787 142.
