2678 4830
157 312 222 375 alo
539 313 570 375 S.
588 311 825 377 CYPRIANI

157 483 299 582 poterit.
346 483 402 556 'l'u
424 496 458 556 te
477 511 550 556 uon
570 499 671 582 potes
690 484 832 581 sugere:
862 482 1070 580 ubicunque
1089 481 1217 571 fueris,

158 599 377 673 adversarius
403 615 486 672 tuus
514 614 633 673 tecurn
662 616 728 687 cst,
751 599 865 672 hostis
891 624 1032 697 semper
1058 598 1096 670 in
1126 624 1217 696 pec·

158 731 234 790 tore
251 731 315 791 tuo
335 733 401 803 est,
418 717 593 816 pernicies
618 719 714 790 intus
739 717 875 790 inclusa
898 730 963 803 est,
981 716 1212 788 ineluctabili

157 849 363 907 catenarum
396 859 489 906 nexu
518 833 648 932 ligatus
674 847 711 906 et
737 832 878 907 vinctus
905 859 955 919 es,
982 832 1061 904 zelo
1087 830 1213 903 dorni-

158 964 267 1024 nante
290 951 451 1049 captivus
472 978 522 1039 es,
539 976 607 1022 nec
629 950 755 1023 solatia
780 950 846 1022 tibi
873 950 947 1022 ulla
973 950 1239 1036 subveniunt.5

158 1069 388 1141 Perseverans
416 1068 550 1139 malurn
579 1081 633 1140 est
661 1067 845 1139 hominem
870 1067 1034 1167 persequi
1061 1065 1106 1139 ad
1132 1067 1208 1140 Dei

158 1182 307 1283 gratiam
336 1183 589 1282 pertinentem.
640 1182 836 1256 Calamitas
863 1181 940 1254 sine
964 1180 1125 1255 remedio
1152 1195 1211 1256 est

157 1299 275 1373 odisse
294 1299 447 1373 felicem.

207 1417 252 1490 V.
283 1418 333 1490 Et
359 1417 501 1506 idcirco,
525 1416 649 1490 fratres
675 1416 911 1507 dilectissimi,
933 1417 1019 1490 huic
1043 1415 1209 1516 periculo

158 1536 350 1608 consulens
370 1534 566 1619 Dominus,
585 1534 728 1632 nequis
748 1535 826 1607 zelo
842 1534 961 1608 fratris
978 1534 1014 1607 in
1033 1535 1206 1631 laqueum
1222 1563 1259 1601 ιο

160 1653 283 1725 mortis
308 1653 513 1741 incurreret,
530 1678 613 1725 curn
642 1678 724 1723 eum
753 1650 920 1750 discipuli
946 1651 1210 1750 interrogarent

160 1770 240 1867 quis
258 1769 350 1841 inter
367 1768 447 1840 illos
466 1767 581 1864 major
597 1781 701 1858 esset,
723 1768 943 1870 Quifacrit,
959 1769 1086 1865 inquit,
1099 1769 1209 1841 mini-

158 1911 239 1959 mas
255 1887 292 1958 in
309 1884 471 1958 omnibus
488 1884 597 1973 vobis,
616 1884 674 1958 hic
692 1886 763 1958 erit
779 1913 946 1986 mugnus.
989 1887 1209 1985 Amputavit

157 2029 307 2076 ornnem
325 2001 595 2074 aemulationem
614 2028 784 2100 responso
803 2030 878 2093 suo,
892 2030 1037 2075 ornnem
1058 2029 1205 2075 causam

158 2132 195 2192 et
212 2118 398 2192 materiam
419 2118 594 2191 mordacis
613 2117 755 2191 invidiae
769 2118 861 2192 eruit
877 2131 915 2192 et
932 2118 1094 2192 abscidit.
1120 2119 1257 2208 Dis-15

158 2236 280 2335 cipulo
305 2234 439 2308 Christi
466 2234 581 2307 zelare
610 2262 681 2307 non
711 2231 806 2323 licet,
830 2262 902 2307 non
930 2235 1014 2308 licet
1036 2235 1208 2308 invidere.

158 2349 398 2423 Exaltationis
429 2349 523 2448 apud
556 2377 620 2423 nos
653 2377 723 2422 non
755 2362 874 2449 potest
903 2377 979 2422 esse
1009 2352 1207 2425 contentio.

159 2464 219 2537 De
237 2465 443 2537 humilitate
460 2465 504 2538 ad
523 2493 665 2540 summa
682 2466 888 2554 crescimus,
902 2465 1094 2540 didicimus
1110 2466 1209 2539 unde

158 2582 377 2681 placeamus.
431 2581 601 2680 Denique
618 2596 655 2655 et
674 2584 857 2681 apostolus
876 2582 1007 2656 Paulus
1025 2584 1206 2656 instruens

159 2712 196 2771 et
214 2724 364 2771 monens
381 2712 423 2772 ut
441 2699 503 2796 qui
522 2698 713 2772 illuminati
733 2698 869 2772 Christi
887 2699 1024 2772 lumine
1041 2700 1206 2772 tenebras
1219 2733 1260 2771 20

160 2827 344 2888 nocturnae
362 2815 640 2888 conversationis
658 2815 846 2905 evasimus,
864 2816 900 2887 in
918 2815 1021 2889 factis
1043 2832 1150 2914 atquc
1168 2817 1206 2888 in

61 2985 68 3000 .
159 2930 327 3030 operibus
351 2930 497 3003 luminis
522 2933 762 3022 ambulemus,
785 2933 909 3005 scribit
930 2948 967 3006 et
989 2933 1097 3007 dicit:
1118 2933 1209 3007 Noa

159 3047 340 3135 transivit,
371 3047 446 3120 dies
476 3057 598 3120 autem
627 3049 941 3148 appropinquavit.
976 3049 1209 3150 Adjiciamas

160 3191 247 3265 crgo
274 3190 385 3262 opera
414 3165 658 3251 tenebrarum,
685 3174 720 3238 et
749 3165 944 3239 induamus
970 3193 1073 3240 arma
1102 3166 1206 3241 lacis.

164 3283 354 3384 Tanquam
380 3283 419 3356 in
446 3283 504 3356 die
529 3283 698 3356 decenter
728 3282 962 3372 ambulemus,
986 3311 1056 3358 non
1082 3285 1122 3357 in
1149 3310 1255 3374 co-25

161 3400 436 3474 recusationibus
453 3410 488 3473 et
505 3400 749 3486 ehietatibnS,
767 3425 838 3472 nan
855 3400 893 3472 in
911 3402 1208 3498 concupiscentiis

162 3527 197 3591 et
213 3517 461 3613 impudicitiis,
478 3543 549 3589 non
566 3517 605 3590 in
622 3516 880 3590 certaminibus
897 3527 934 3590 et
951 3517 1010 3590 zel
1032 3574 1039 3589 .
1092 3519 1129 3591 Si
1151 3545 1206 3591 re-

160 3644 344 3706 cesserunt
363 3630 408 3704 de
432 3645 575 3730 pectore
596 3645 660 3705 tuo
684 3636 851 3720 tenebrae,
878 3635 907 3708 si
932 3661 1005 3708 nox
1032 3635 1115 3708 inde
1134 3634 1206 3707 dis-

160 3775 264 3823 cussa
281 3759 346 3838 est,
364 3747 392 3818 si
415 3748 530 3845 caligo
547 3747 687 3820 detersa
704 3762 771 3839 est,
788 3749 817 3822 si
842 3751 1059 3823 illuminavit
1081 3777 1206 3823 seusus

161 3877 242 3937 tuos
265 3863 432 3963 splendor
454 3864 537 3954 diei,
555 3863 582 3937 si
609 3865 719 3937 horno
740 3866 830 3939 lucis
851 3894 927 3939 esse
950 3867 1106 3966 caepisti,
1124 3893 1255 3964 quae3o

162 3994 245 4054 sunt
272 3980 408 4054 Christi
436 4008 538 4079 gere3
570 3981 654 4078 quia
684 3982 746 4055 lux
776 3998 813 4056 et
842 3983 917 4055 dies
947 3983 1114 4057 Christus
1140 3998 1204 4057 est.

161 4097 260 4180 Quid
283 4097 320 4170 in
343 4097 409 4170 zeli
428 4098 593 4169 tenebras
611 4098 694 4188 ruis,
712 4099 799 4197 quid
818 4114 854 4171 te
871 4099 997 4172 nubilo
1014 4100 1133 4173 livoris
1151 4100 1204 4172 in·

161 4214 284 4303 volvis,
299 4213 388 4310 quid
408 4210 551 4286 invidiae
569 4215 736 4288 coecitate
753 4242 861 4288 omne
878 4215 977 4314 pacis
995 4231 1033 4290 et
1048 4216 1204 4290 caritatis
