2678 4830
267 332 333 397 DE
357 331 515 397 OPERE
538 330 603 394 ET
627 331 978 398 ELEEMOSYNIS.
1087 332 1153 397 287

104 503 248 591 liberat,
266 513 302 578 et
318 505 398 602 ipsa
410 512 555 602 purgat
565 511 731 602 peecata.
782 502 954 576 Ostendit
974 502 1152 576 orationes

104 633 243 693 nostras
266 646 309 693 ac
324 619 462 716 jejunia
487 619 606 691 minus
623 645 729 718 posse
746 618 814 692 nisi
833 619 1072 719 eleemosynis
1091 617 1154 691 ad-

98 735 283 832 juventur,
308 734 577 835 deprecationes
604 735 695 808 solas
725 762 853 835 parum
885 734 930 808 ad
959 735 1156 834 impetran-

106 851 196 924 dum
214 852 343 942 valere,
360 851 429 924 nisi
447 851 626 925 factorum
644 864 680 923 et
702 878 854 950 operum
878 852 1080 925 accessione
1100 879 1156 925 sa-

77 968 252 1056 5tientur.
306 968 459 1041 Revelat
489 968 637 1066 angelus
668 981 705 1039 et
736 968 941 1040 manifestat
969 981 1005 1040 et
1035 971 1158 1041 firmat

108 1083 347 1183 eleemosynis
374 1084 569 1183 petitiones
599 1097 738 1156 nostras
765 1083 925 1157 efficaces
952 1085 1040 1174 fieri,
1065 1085 1158 1156 elee-

110 1201 271 1300 mosynis
288 1202 399 1275 vitam
419 1201 464 1275 de
481 1201 650 1302 periculis
668 1201 809 1293 redimi,
827 1202 1065 1303 eleemosynis
1084 1201 1159 1275 ani-

111 1345 190 1391 mas
208 1344 228 1391 a
250 1329 365 1390 morte
382 1317 535 1391 liberari.

163 1434 229 1506 IV.
254 1432 338 1507 Nec
361 1433 423 1521 sic,
440 1433 564 1507 fratres
589 1434 775 1523 carissimi,
792 1435 860 1509 ista
881 1436 1094 1535 proferimus
1118 1449 1160 1509 ut

67 1576 185 1622 10n0n
203 1547 302 1647 quod
319 1548 485 1648 Raphael
503 1550 651 1649 angelus
670 1550 764 1624 dixit
777 1552 934 1626 veritatis
952 1551 1160 1626 testimonio

113 1667 402 1766 comprobemus.
446 1667 491 1740 ln
508 1666 662 1740 Actibus
679 1668 938 1768 Apostolorum
963 1670 1048 1744 facti
1070 1669 1160 1743 fides

113 1783 230 1881 posita
254 1795 329 1867 est;
354 1795 391 1855 et
413 1781 512 1880 quod
534 1782 784 1883 eleemosynis,
802 1812 876 1858 non
898 1799 1041 1860 tantum
1065 1813 1086 1858 a
1108 1813 1162 1859 se-

114 1899 242 1990 cunda,
265 1898 325 1972 sed
353 1900 507 1999 aprima
530 1914 646 1974 morte
673 1901 804 1975 animae
830 1903 1027 1977 liberentur
1050 1915 1162 2002 gestae

115 2031 151 2092 et
168 2018 328 2118 impletae
346 2017 395 2091 rei
413 2018 626 2116 probatione
643 2033 871 2119 compertum
889 2034 953 2094 est.
1004 2020 1162 2094 Tabitha

70 2135 383 2236 150pe1'atl0nlbus
400 2134 510 2230 justis
531 2147 568 2208 et
591 2135 830 2234 eleemosynis
853 2135 1066 2235 praestandis
1082 2135 1164 2237 plu-

116 2254 251 2326 rimum
269 2250 390 2324 dedita
407 2277 492 2323 cum
510 2250 692 2324 infirmata
709 2263 804 2324 esset
816 2265 854 2325 et
870 2266 1023 2342 mortua,
1041 2252 1086 2326 ad
1103 2281 1161 2326 ea-

117 2367 225 2442 daver
241 2368 409 2441 exanime
426 2368 553 2439 Petrus
572 2367 706 2440 accitus
724 2380 796 2442 est:
828 2369 889 2466 qui
907 2396 992 2442 cum
1010 2369 1164 2469 impigre

117 2510 182 2584 pro
201 2483 397 2583 apostolica
419 2482 647 2556 humanitate
664 2484 830 2574 venisset,
848 2485 1165 2561 circumsteterunt

119 2625 202 2672 eum
226 2598 344 2672 viduae
367 2600 493 2673 flentes
517 2612 554 2672 et
576 2613 753 2697 rogantes,
773 2601 883 2701 pallia
906 2615 943 2677 et
967 2603 1106 2677 tunicas
1129 2617 1166 2678 et

73 2715 242 2789 200mnia
265 2715 326 2788 illa
351 2743 432 2814 quae
456 2716 555 2816 prius
581 2730 810 2817 sumpserant
832 2717 1045 2793 indumenta
1062 2747 1167 2794 mon·

120 2845 284 2921 strantes,
306 2858 374 2906 nee
400 2859 466 2930 pro
491 2831 663 2906 defuncta
686 2833 758 2906 suis
781 2835 943 2925 vocibus,
967 2836 1029 2909 sed
1054 2837 1167 2937 ipsius

119 2949 288 3050 operibus
305 2948 549 3048 deprecantes.
580 2949 701 3023 Sensit
717 2952 843 3024 Petrus
861 2951 1045 3051 impetrari
1063 2981 1169 3055 posse

121 3064 219 3165 quod
237 3065 289 3138 sic
305 3067 507 3164 petebatur,
523 3092 591 3140 nee
608 3065 815 3142 defuturum
834 3069 969 3144 Christi
994 3071 1169 3145 auxilium

122 3181 238 3256 viduis
267 3181 555 3282 deprecantibus,
581 3183 726 3281 quando
756 3199 850 3258 esset
879 3187 917 3258 in
948 3186 1063 3261 viduis
1092 3188 1170 3289 ipse

76 3322 110 3384 25
122 3299 282 3373 vestitus.
334 3299 430 3372 Cum
455 3300 576 3399 itaque
600 3300 753 3398 genibus
777 3302 883 3374 nixus
901 3316 1046 3392 orasset,
1064 3317 1100 3376 et
1119 3304 1171 3378 vi-

122 3416 275 3490 duarum
291 3443 332 3489 ae
347 3442 550 3516 pauperum
568 3415 719 3488 idoneus
737 3415 930 3490 advocatus
948 3418 1083 3518 legatas
1101 3419 1169 3493 sibi

123 3559 245 3631 preces
270 3532 313 3606 ad
341 3532 545 3605 Dominum
569 3531 786 3631 pertulisset,
810 3559 1000 3608 conversus
1026 3536 1070 3610 ad
1095 3563 1172 3610 cor-

124 3675 204 3747 pus,
221 3647 318 3746 quod
336 3648 373 3721 in
393 3649 516 3721 tabula
527 3648 606 3744 jam
624 3648 740 3722 lotum
753 3649 911 3745 jacebat,
928 3651 1098 3743 Tubitlza,
1116 3653 1236 3725 in-Aot.
1248 3666 1282 3715 ix

124 3765 214 3863 quit,
232 3790 389 3865 exsurge
412 3765 452 3838 ira
476 3765 618 3839 nomine
633 3765 729 3839 Jcsu
751 3766 898 3840 Christi.
948 3768 1031 3842 Nec
1055 3769 1172 3843 deluit

76 3881 230 3975 30Petro
242 3907 315 3978 quo
332 3881 454 3955 minus
471 3881 592 3955 statim
610 3881 718 3955 ferret
735 3883 911 3958 auxilium
930 3884 991 3984 qui
1011 3885 1048 3958 in
1065 3912 1172 3959 evan-

125 3994 220 4094 gelio
237 3993 313 4068 dari
330 3995 470 4070 dixerat
487 3997 662 4096 quiequid
678 3998 805 4072 fuisset
822 3999 899 4095 ejus
917 4000 1066 4073 nomine
1089 4027 1171 4100 pos-

124 4111 294 4184 tulatum.
345 4112 448 4186 Mors
466 4113 588 4212 itaque
609 4114 850 4213 suspenditur,
867 4127 904 4190 et
926 4116 1071 4216 spiritus
1094 4115 1173 4190 red-

125 4226 232 4319 ditur,
249 4239 286 4302 et
309 4227 524 4305 mirantibus
545 4257 587 4305 ac
610 4231 838 4331 stupentibus
856 4232 996 4306 cunctis
1015 4230 1059 4306 ad
1078 4233 1181 4306 hane
