2678 4830
481 304 546 369 DE
570 304 944 370 MORTALITATE.
1173 305 1238 374 279

189 474 331 548 aeternis
348 474 493 549 sedibus
509 476 684 568 vivamus,
701 489 809 575 atque
831 477 869 549 in
891 472 1011 575 regnis
1029 475 1236 550 coelestibus

188 590 420 689 gaudeamus,
437 592 580 665 Patrem
598 619 664 692 pro
682 593 787 665 nobis
804 605 980 692 precatur,
996 591 1139 666 dicens:
1158 591 1317 666 Parma.

188 715 258 797 ter,
276 732 365 806 quos
387 707 478 780 milri
500 708 631 782 dedisti
651 709 730 784 volo
751 720 794 783 ut
813 710 876 783 ubi
898 735 964 808 ego
976 704 1096 810 fuero
1114 719 1149 783 et
1165 709 1237 806 ipsi

186 821 262 893 sint
276 848 427 913 mecum,
441 833 477 896 et
489 823 637 897 uideant
653 825 860 900 claritatem
876 850 984 925 quara
997 823 1086 899 milri
1103 824 1237 900 dedisti

158 936 292 1032 sprius
307 964 416 1035 quam
433 937 719 1039 mundusfieret.

234 1052 341 1125 XVI.
368 1054 551 1128 Venturos
578 1056 623 1128 ad
648 1055 784 1130 Christi
811 1055 946 1147 sedern,
968 1053 1014 1129 ad
1040 1082 1234 1156 regnorum

184 1168 387 1242 coelestium
415 1170 627 1262 claritatem,
652 1174 776 1272 lugere
801 1201 877 1247 non
901 1172 1011 1247 debet
1038 1200 1105 1246 nec
1131 1175 1236 1272 plan-

184 1310 286 1382 gere;
312 1285 374 1358 sed
398 1287 518 1384 potius
536 1288 735 1363 secundum
752 1288 1050 1390 pollicitationem
1070 1289 1235 1381 Domini,

185 1401 382 1476 secundum
413 1403 524 1476 fidem
552 1405 637 1496 veri,
669 1406 706 1479 in
740 1406 963 1506 profectione
996 1406 1066 1480 hac
1099 1433 1162 1479 sua
1196 1419 1234 1479 et

141 1519 417 1592 rotranslatione
450 1520 616 1618 gaudere.
681 1522 742 1596 Sic
775 1522 931 1621 denique
961 1522 1166 1596 invenimus
1196 1536 1234 1596 et

183 1636 314 1708 Enoch
340 1637 555 1711 translatum
583 1665 672 1728 esse,
698 1639 761 1739 qui
789 1640 873 1713 Deo
898 1639 1047 1738 placuit,
1075 1640 1169 1713 sicut
1194 1638 1231 1712 in

184 1751 318 1826 Genesi
336 1764 487 1828 testatur
503 1767 540 1829 et
556 1756 716 1854 loquitur
732 1755 907 1856 scriptura
924 1755 1062 1830 divina:
1080 1754 1133 1829 Et
1142 1755 1303 1853 pla-een.
1314 1792 1331 1823 v

183 1871 258 1944 cuit
283 1871 409 1944 Enoch
435 1873 530 1959 Dea,
558 1884 594 1949 et
618 1900 691 1947 non
718 1883 771 1947 est
800 1873 967 1946 inuentus
991 1873 1233 1972 postmodum,

181 1987 269 2084 quia
285 1986 392 2061 Deus
408 1987 515 2062 illum
532 1988 735 2063 transtulit.
787 1989 873 2063 Hoc
898 1989 968 2062 fuit
992 1987 1170 2087 placuisse
1194 1986 1233 2061 in

138 2118 377 2203 15conspeetu
408 2105 494 2195 Dei,
524 2105 569 2177 de
599 2105 669 2178 hoc
699 2104 867 2202 contagio
902 2104 1022 2178 saeculi
1057 2103 1233 2176 meruisse

178 2220 372 2293 transferri.
424 2221 496 2293 Sed
522 2233 559 2294 et
583 2248 648 2320 per
674 2200 909 2294 Salomonem
939 2221 1045 2294 docet
1075 2219 1232 2318 Spiritus

179 2336 334 2408 Sanctus
352 2362 412 2409 eos
431 2335 493 2432 qui
516 2337 600 2410 Deo
616 2339 784 2437 placeant
802 2336 976 2409 maturius
994 2334 1101 2408 istinc
1118 2334 1232 2408 eximi

180 2463 217 2523 et
239 2451 345 2524 citius
368 2451 523 2543 liberari,
540 2480 586 2525 ne
603 2453 691 2526 dum
710 2452 748 2525 in
766 2452 835 2524 isto
852 2451 992 2525 mundo
1009 2450 1145 2524 diutius
1162 2451 1233 2524 im-

180 2579 379 2658 morantur,
409 2566 537 2641 mundi
567 2569 793 2642 contactibus
824 2566 1043 2668 polluantur.
1084 2567 1338 2665 Raptussnav.

135 2692 247 2773 soret,
273 2683 403 2782 inquit,
429 2711 475 2758 ne
503 2684 646 2759 malitia
673 2695 834 2759 mutaret
862 2682 1088 2757 intellectura
1117 2682 1229 2759 illius.

183 2799 334 2875 Placita
363 2803 457 2876 euim
484 2813 565 2876 erat
585 2803 669 2877 Deo
694 2803 817 2875 anima
844 2800 932 2900 eiua.
976 2800 1140 2900 Propter
1164 2801 1232 2875 lsoc

175 2919 392 3015 properavit
417 2919 569 2992 educere
594 2944 675 2992 eum
702 2918 747 2991 de
771 2918 889 2992 media
912 2917 1116 3015 iniquitate.
1168 2917 1230 2991 Sic

180 3048 217 3107 et
242 3034 280 3107 in
306 3035 458 3109 Psalmis
485 3035 530 3109 ad
555 3033 760 3108 Dominum
786 3047 954 3135 properat
980 3032 1130 3134 spiritali
1157 3033 1230 3108 fide

180 3151 263 3224 Deo
286 3178 352 3224 suo
374 3152 496 3225 anima
517 3151 648 3225 devota
668 3151 814 3225 dicens:
844 3150 967 3229 Quam
989 3150 1229 3226 dilectissima
1237 3172 1278 3224 ra
1309 3196 1336 3217 ..

133 3282 167 3345 25
180 3267 421 3342 habitationes
438 3278 519 3357 tua,
534 3266 642 3340 Deus
657 3268 848 3340 virtutum.
874 3265 1076 3341 Desiderat
1094 3277 1130 3339 et
1140 3293 1231 3365 pro-

171 3394 287 3482 perat
302 3385 427 3458 anima
444 3409 525 3458 mea
542 3383 591 3456 ad
607 3383 706 3456 atria
722 3383 809 3458 Dei.
853 3381 944 3478 Ejus
963 3382 1072 3456 estin
1090 3383 1229 3458 mundo

176 3499 240 3574 diu
265 3502 357 3574 velle
382 3526 567 3574 remanere
596 3525 706 3598 quem
737 3498 894 3572 mundus
922 3498 1091 3590 oblectat,
1117 3527 1228 3598 quem

178 3619 352 3692 saeculum
378 3617 566 3692 blandiens
591 3627 698 3714 atque
714 3614 899 3714 decipiens
923 3614 1097 3690 illecebris
1121 3628 1229 3693 terre·

179 3758 235 3805 nae
249 3733 444 3833 voluptatis
463 3731 601 3806 invitat.

130 3867 169 3922 30
227 3847 355 3922 XVII.
389 3850 499 3923 Porro
526 3874 612 3921 cum
642 3844 799 3919 mundus
825 3845 942 3920 oderit
966 3846 1227 3939 Christianum,

107 3951 112 3960 ¹
177 3961 265 4060 quid
288 3990 387 4037 amas
408 3991 492 4040 eum
517 3962 580 4061 qui
606 3975 642 4034 te
666 3960 755 4052 odit,
776 3975 813 4035 et
833 3989 908 4036 non
931 3962 1046 4061 magis
1069 3963 1226 4061 sequeris

177 4077 378 4171 Christum,
395 4082 458 4179 qui
481 4094 518 4155 te
544 4090 582 4154 et
605 4077 758 4152 redemit
774 4091 811 4154 et
833 4079 975 4180 diligit?
1008 4081 1167 4154 «loannes
1187 4079 1226 4152 in

675 4213 733 4275 r4
