2678 4830
653 563 702 619 IN

443 737 873 842 FIRMILIANI

303 964 483 1024 EPISCOPI
505 966 715 1025 CAESAREAE
738 964 1012 1023 CAPPADOCUM

243 1144 315 1207 An
344 1145 375 1208 s.
399 1145 725 1209 crrnmnum
757 1143 1072 1208 arrsronnn

403 1328 909 1413 ANNOTATIONES.

509 1545 803 1592 -0-.....

179 1719 218 1780 P.
232 1735 306 1784 221.
323 1716 346 1780 l.
363 1738 390 1781 1.
414 1717 645 1804 anrnmnr]
667 1717 827 1782 Eusebius
840 1717 931 1783 Hier.
953 1717 1037 1782 Eccl.
1052 1717 1106 1781 lib.
1121 1719 1181 1782 VI.

135 1825 204 1890 cap.
220 1807 272 1869 26.
290 1803 442 1886 Διέπρεπε
457 1807 597 1890 ἐντούτῳ
615 1805 770 1891 (tempore
790 1806 876 1892 Imp.
893 1804 1100 1868 Alexandrini
1123 1806 1180 1869 Se·

134 1890 214 1975 veri)
228 1890 421 1972 Φιρμιλιανὸς
436 1893 617 1973 Καισαρείας
631 1895 681 1969 τῆς
697 1897 903 1956 Καππαδοκῶν
919 1893 1088 1958 ἐπίσκοπος.
1115 1890 1182 1954 Ubi

133 1974 201 2040 haec
215 1977 376 2040 annotavit
392 1977 550 2041 Henricus
565 1975 717 2053 Valesius,
731 1986 752 2015 ‘⁶
766 1976 821 2040 Vir
836 1976 1042 2054 doctissimus,
1056 1991 1087 2040 et
1101 1976 1183 2042 inter

135 2062 337 2160 “scriptores
357 2062 576 2127 ecclesiasticos
595 2062 723 2125 celebris
737 2062 798 2125 fuit
815 2062 1024 2126 Firmilianus.
1072 2064 1182 2149 Hujus

134 2155 156 2188 “
172 2149 348 2213 testrmonio
360 2149 461 2212 utitur
476 2148 610 2212 Basilius
624 2148 655 2210 in
668 2148 748 2211 libro
759 2146 799 2210 de
816 2148 936 2234 Spiritu
953 2151 1078 2212 Sancto,
1100 2146 1181 2212 Tat-

135 2242 157 2274 “
172 2262 226 2316 την
242 2238 290 2300 καὶ
304 2240 487 2320 Φιρμιλιανῷ
503 2239 542 2320 τῷ
557 2233 688 2319 ἡμετέρῳ
705 2240 885 2314 μαρτυροῦσι
899 2234 953 2312 τὴν
967 2237 1069 2297 πίστιν
1084 2237 1112 2297 οἱ
1126 2236 1180 2297 λό-

134 2329 156 2361 “
171 2348 221 2403 yos
236 2323 286 2388 οθς
301 2322 450 2385 κατέλιπε.
490 2319 644 2406 Ejusdem
661 2319 801 2382 meminit
815 2319 847 2382 in
863 2319 1007 2405 Epistola
1023 2319 1182 2384 Canonica

134 2407 210 2470 “ad
227 2406 498 2555 Amphilochium.
528 2404 635 2468 Hodie
650 2405 742 2468 unica
755 2419 895 2491 superest
911 2404 1084 2469 Firmiliani
1100 2405 1181 2492 Epi·

134 2491 252 2555 “stola
265 2517 284 2556 a
321 2492 527 2579 Cyprianum.
573 2491 695 2554 Mirum
710 2505 756 2555 est
771 2504 874 2555 tamen
889 2513 947 2554 nec
960 2491 1001 2554 ab
1018 2491 1179 2580 Hierony-

134 2585 224 2641 “mo
245 2600 343 2641 neca
365 2577 556 2642 Bellarmino
577 2576 658 2640 inter
680 2577 844 2663 scriptores
866 2577 1085 2642 ecclesiasticos
1107 2601 1180 2642 eum

133 2671 156 2703 “
172 2663 332 2729 recenseri.
363 2664 468 2728 Aede
483 2663 673 2727 Bellarmino
687 2663 777 2727 facile
792 2676 839 2728 est
851 2665 1014 2750 conjicere,
1028 2687 1122 2751 quam
1138 2665 1180 2728 ob

133 2759 155 2790 “
170 2774 295 2814 oausam
314 2750 399 2814 illam
419 2749 659 2837 praetermiserit.
705 2749 785 2814 Ideo
803 2749 918 2814 scilicet
938 2750 1023 2836 quod
1045 2750 1180 2837 Stepha-

133 2844 246 2900 “num
262 2860 376 2923 papam
391 2836 532 2901 acerbius
546 2836 805 2923 perstrinxisset.”
827 2839 909 2901 Haec
924 2836 1075 2900 Valesius,
1108 2837 1179 2901 Pri-

131 2945 219 2986 mum
246 2922 327 2987 inter
352 2922 501 3010 praesules
526 2921 664 2987 nominat
688 2923 906 2987 Firmilianum
930 2922 1100 3003 Eusebius,
1123 2924 1180 3023 qui

131 3009 261 3073 concilio
276 3009 476 3074 Antiocheno
494 3008 643 3072 adversus
663 3009 799 3073 Paulum
820 3012 1056 3075 samosatenum
1072 3009 1181 3076 habrto

130 3095 352 3161 interfuerunt.
383 3098 435 3175 ‚Et
455 3097 522 3182 ipsa
540 3119 667 3182 quoque
687 3096 826 3183 synodus
842 3097 875 3160 in
890 3096 1020 3183 epistola
1035 3119 1091 3160 sua
1106 3119 1180 3183 syn-

131 3181 221 3246 odica
236 3182 454 3246 Firmilianum
468 3183 535 3268 jam
554 3195 713 3247 mortuum
736 3206 807 3246 cum
831 3181 925 3246 laude
946 3196 1178 3246 commemorat.

132 3268 255 3355 Magno
272 3293 367 3356 porro
385 3269 445 3333 hoc
458 3268 616 3356 praeconio
630 3290 703 3331 eum
718 3269 841 3333 ornavit
857 3268 1095 3341 Theodoretus;
1122 3270 1181 3332 Kal

131 3356 325 3437 Φιρμιλιαυὸς
346 3359 362 3419 ὁ
385 3354 562 3438 Καισαρέων
582 3359 632 3434 τῆς
651 3357 863 3422 Καππαδοκίας
877 3357 1038 3421 ἐπίσκοπος
1051 3363 1178 3437 περιφα-

132 3441 183 3519 νὴς
203 3442 286 3522 ἀνὴρ,
309 3443 357 3506 καὶ
373 3449 487 3524 γνῶσιν
508 3441 652 3523 ἑκατέραν
671 3440 750 3524 ἔχων
771 3441 818 3504 καὶ
840 3440 894 3519 τὴν
914 3442 1041 3522 θύραθεν
1061 3442 1109 3505 καὶ
1126 3440 1180 3520 τὴν

131 3530 226 3590 θείαν.
249 3529 373 3591 Horret.
390 3530 473 3592 Fnb.
489 3527 531 3590 iv.
546 3529 574 3591 8.
612 3529 657 3591 Et
673 3527 827 3590 referente
843 3525 941 3590 Cavio
956 3526 987 3588 in
1003 3528 1094 3590 Hist.
1107 3528 1178 3590 Ltt.

130 3613 190 3675 vol.
205 3615 235 3676 I.
251 3638 327 3677 voce
341 3616 496 3702 Magnes,
510 3637 543 3700 p.
559 3635 572 3677 Ι
576 3633 595 3698 3
597 3633 628 3698 5.
645 3613 838 3694 Φιρμιλιαυὸς
855 3615 872 3676 ὁ
894 3612 1055 3692 θαυμάσιος
1070 3611 1180 3699 appel·

129 3696 214 3760 latur
235 3723 254 3762 a
276 3701 436 3764 Germano
455 3699 632 3786 patriarcha
655 3702 722 3764 ΟΡ.
746 3699 779 3763 in
796 3700 988 3787 Dogmntico
1008 3700 1051 3761 ad
1064 3699 1181 3762 Authi-

130 3805 216 3846 ιαιιπι
232 3786 307 3850 MS.
322 3787 408 3873 apud
425 3785 572 3862 Galeum,
590 3785 645 3850 ubi
662 3801 766 3872 patres
781 3785 893 3871 synodi
907 3783 1115 3849 Antiochenae
1130 3808 1180 3848 re-

130 3883 244 3934 censet.
291 3871 474 3937 Firmiliano
494 3872 621 3958 quidem
641 3871 786 3936 attribuit
801 3873 910 3936 Moses
925 3870 1132 3936 Chorenensis
1147 3870 1180 3934 in

130 3958 283 4020 Historia
302 3959 506 4037 Armeniaca,
526 3982 622 4044 quarn
643 3958 810 4022 ediderunt
831 3981 903 4023 cum
925 3956 1180 4043 interpretatione

132 4042 248 4106 Latina
263 4043 339 4108 Gul.
355 4058 387 4108 et
402 4046 521 4132 Georg.
534 4044 719 4124 Whistonii,
736 4044 852 4109 librum
867 4044 907 4109 de
921 4042 1057 4108 ecclesiae
1073 4066 1178 4130 perse-

131 4128 329 4203 cutionibus;
357 4153 397 4194 an
419 4155 494 4195 vero
516 4131 578 4195 tale
600 4130 679 4218 quid
699 4154 780 4217 opus
802 4131 854 4194 ille
876 4129 1096 4216 composuerit,
1120 4130 1179 4192 du-

129 4214 217 4279 bium
237 4214 335 4278 videri
355 4217 453 4302 possit
474 4217 689 4282 annotationes
709 4215 824 4303 legenti
844 4216 884 4279 ed
905 4216 1087 4280 Aristonem
1109 4214 1180 4278 Pel-

129 4299 224 4366 laeum
239 4301 271 4365 in
287 4304 447 4389 Reliquias
462 4305 574 4369 Sacris
589 4302 652 4367 vol.
667 4305 696 4367 I.
715 4326 748 4389 p.
760 4323 813 4388 99.

646 4410 668 4452 a
