2678 4830
130 326 196 391 336
465 325 844 389 ANNOTATIONES

131 496 228 585 synis,
249 496 339 560 bonis
359 495 604 584 operationibus,
626 496 759 583 primam
780 495 865 561 illam
887 499 1032 585 corporis
1055 513 1195 565 mortem

131 581 289 669 suspendi,
306 582 450 681 exemplo
470 582 639 647 Tabitbae:
663 582 832 647 secundam
850 605 936 662 vero,
957 608 1035 671 quoe
1057 601 1109 650 est
1128 587 1196 651 ani-

130 692 202 748 mae,
213 686 343 733 mortem
359 670 468 733 evitari
483 669 650 756 adeptione
664 668 737 733 vitae
751 685 973 755 aetemoe,quae
987 672 1194 759 promittitur

130 755 276 818 fidelibus
290 755 388 819 bonas
402 755 596 842 operationes
610 754 823 842 operantibus.
848 757 1001 820 Rreanr.

175 843 211 905 P.
227 844 299 923 287.
316 841 336 906 l.
351 861 401 927 25.
424 857 456 905 et
476 841 641 904 viduarum
665 864 700 905 ac
723 842 911 928 pauperum]
931 842 1133 907 Particulam
1148 855 1189 925 et,

129 950 202 1013 quse
224 927 298 991 liuic
321 927 482 992 sernentiae
503 927 534 990 in
557 926 697 1013 principe
719 927 849 1013 aliisque
870 927 1076 1006 editionibuS,
1100 945 1133 994 et
1156 931 1189 994 in

129 1028 267 1098 quatuor
285 1013 344 1076 illis
362 1014 522 1077 codicibus
541 1036 621 1099 quos
640 1013 706 1099 ipse
727 1013 857 1092 contuli,
878 1015 1011 1100 praelixa
1028 1030 1090 1092 est,
1113 1039 1189 1102 quae

129 1123 203 1163 vero
217 1099 248 1162 in
264 1098 351 1163 editt.
368 1099 539 1163 Baluziana
554 1115 585 1162 et
600 1102 704 1164 Oxon.
721 1099 801 1163 mule
820 1099 932 1162 omissa
946 1114 1006 1179 est,
1022 1103 1185 1182 revocavi,

128 1209 199 1249 cum
227 1187 357 1250 sortasse
378 1185 411 1249 in
438 1186 544 1249 MStis
568 1209 642 1250 voce
664 1184 859 1273 praecedente
881 1195 1004 1250 orasset
1029 1186 1187 1275 absorpta

128 1285 217 1337 esset.

173 1361 211 1423 P.
224 1359 297 1424 288.
316 1357 336 1422 l.
353 1379 401 1443 19.
426 1360 567 1424 illiserit
581 1369 611 1424 et
625 1382 680 1423 cor
694 1358 798 1443 tuum]
815 1359 890 1422 Illic
903 1380 962 1456 pro
975 1359 1021 1421 ibi
1037 1381 1077 1422 ex
1094 1359 1183 1424 codi-

127 1445 217 1510 cibus
231 1444 353 1532 scriptis
368 1445 503 1532 reposui,
519 1445 596 1531 quia
609 1445 641 1509 in
656 1444 754 1533 ipsius
769 1443 921 1532 Cypriam
935 1443 990 1508 lib.
1005 1445 1078 1508 III.
1101 1448 1183 1511 Tes-

127 1533 330 1595 timoniorum
347 1533 385 1596 S.
399 1533 580 1619 Scripturoe
593 1554 626 1619 p.
638 1548 692 1617 59.
708 1529 784 1594 edit.
800 1531 905 1594 Oxou.
921 1530 963 1594 sic
977 1529 1067 1594 locus
1081 1554 1181 1596 evan·

126 1616 246 1703 gelistae
259 1618 399 1682 affertur.

172 1705 208 1765 P.
227 1704 299 1787 289.
320 1703 341 1766 l.
355 1722 405 1767 20.
431 1701 492 1765 Sed
517 1703 633 1766 vereris
657 1717 689 1766 et
711 1701 837 1788 metuis]
865 1701 1018 1767 Restituit
1040 1701 1180 1788 priorem

126 1785 299 1865 lectionem,
316 1790 356 1852 Si
377 1789 497 1850 vereris
511 1796 541 1851 et
558 1791 682 1867 metuis,
700 1788 860 1864 Baluzius,
876 1811 971 1874 quam
985 1802 1179 1868 mutaverat,

126 1872 189 1937 fide
208 1872 300 1936 nixus
344 1885 458 1936 uatuor
477 1873 772 1959 manuscriptorum,
791 1872 909 1938 Fellus.
948 1873 993 1938 Iis
1006 1873 1085 1937 alios
1100 1898 1181 1960 qua·

128 1972 201 2022 tuor
215 1959 281 2057 jam
302 1896 396 2035 aildo,
414 1958 573 2022 lectionem
591 1981 658 2022 eam
676 1973 859 2047 praestantes
873 1983 946 2045 quae
959 1959 1036 2022 mihi
1051 1958 1177 2046 placet;

126 2068 198 2109 nam
216 2060 261 2109 tta
280 2066 407 2132 prorsus
423 2043 624 2109 constituitur
641 2045 742 2110 oratio
763 2067 835 2109 mox
856 2045 948 2124 infra,
967 2045 1023 2109 ubi
1042 2047 1180 2111 verbum

126 2135 238 2196 meets
252 2131 397 2196 occurrit.

171 2220 210 2282 P.
228 2237 300 2300 291.
320 2217 340 2281 l.
358 2237 389 2301 9.
412 2215 562 2300 subsidia]
593 2216 731 2281 Addunt
758 2219 833 2281 vitoe
854 2215 1005 2280 editiones
1030 2217 1180 2282 Manuti-

127 2327 217 2368 anam
232 2318 358 2379 secutae,
374 2302 429 2366 sed
444 2324 550 2365 vocem
567 2302 679 2379 delevi,
693 2301 809 2366 idcirco
823 2302 910 2387 quod
924 2301 1046 2366 monuit
1062 2304 1181 2367 Pame-

127 2390 187 2454 lius
209 2404 324 2486 praeter
347 2392 474 2452 Manut.
499 2387 622 2451 nullum
644 2387 783 2452 codicem
805 2388 903 2473 ipsam
927 2387 1039 2474 legere.
1080 2391 1180 2453 Atta-

127 2498 197 2538 men
213 2498 244 2538 rn
260 2475 395 2539 editione
413 2473 634 2561 Lugdunensi,
649 2497 721 2560 quae
740 2475 937 2537 Manutianae
951 2472 1086 2560 praeivit,
1103 2497 1180 2538 ean-

126 2561 197 2624 dem
218 2560 331 2625 invcni.
378 2563 478 2624 Porro
494 2582 599 2623 vocem
616 2561 673 2623 tibi
688 2573 759 2645 post
772 2561 917 2646 speranti
932 2558 1074 2623 nesciunt
1090 2561 1179 2624 codi-

124 2670 185 2723 ces,
201 2669 281 2732 quoa
301 2646 366 2732 ipse
386 2645 518 2732 inspexi,
534 2645 621 2731 quod
641 2644 712 2709 ideo
732 2660 816 2718 noto,
832 2644 907 2730 quia
922 2667 983 2709 vox
1001 2666 1063 2708 non
1082 2646 1178 2711 valde

124 2731 331 2796 desideratur.

168 2819 204 2880 P.
222 2837 294 2902 293.
311 2817 333 2881 l.
350 2837 398 2901 19.
412 2840 486 2902 quae
502 2831 643 2881 matrona
657 2816 807 2902 locuples]
823 2819 902 2890 Qoae
914 2818 1111 2880 matronales
1126 2839 1176 2882 ec-

121 2904 218 2965 clesio
234 2903 357 2967 Christi
371 2903 516 2987 locuples.
561 2903 660 2966 Valde
697 2916 753 2966 uto
772 2901 832 2966 ista
849 2905 886 2965 in
905 2903 1031 2966 ecclesia
1047 2903 1176 2969 Christi

122 3010 195 3072 quae
208 2988 323 3051 desunt
342 2987 373 3049 in
393 2987 530 3073 antiquis
544 2927 743 3065 editionibus,
759 2988 789 3050 in
805 2987 911 3052 decem
927 2987 1085 3052 codicibus
1101 3012 1176 3054 nos-

124 3072 189 3152 tris,
206 3073 282 3138 etin
298 3072 439 3160 quinque
454 3072 649 3160 Anglicanis,
665 3074 773 3137 addita
787 3097 861 3137 vero
876 3087 949 3136 sunt
961 3096 989 3145 a
1007 3074 1171 3154 Manutio,

123 3181 185 3223 non
208 3160 322 3224 debere
343 3183 408 3224 esse
429 3159 461 3222 in
484 3158 642 3225 hocloco.
689 3161 762 3224 Non
785 3173 890 3222 tamen
911 3181 1006 3222 ausus
1026 3182 1095 3222 sum
1117 3184 1173 3224 ex-

122 3269 275 3333 pungere,
291 3246 366 3333 quia
384 3270 421 3310 ea
440 3245 541 3334 reperi
560 3245 592 3309 in
615 3245 759 3309 undecim
780 3244 910 3309 vetustis
927 3244 1171 3331 exemplaribus.

123 3334 256 3399 Batuz.
313 3334 435 3398 Extant
452 3332 485 3396 in
506 3334 581 3397 MS.
598 3354 726 3418 quoque
746 3353 815 3393 meo
833 3353 934 3479 nuper
950 3332 1171 3396 Tewaterano.

123 3420 207 3482 Cum
222 3442 296 3482 vero
316 3419 424 3482 eadem
444 3418 590 3483 omittant
610 3419 715 3483 decem
736 3415 856 3480 codices
906 3415 1010 3493 slusii,
1027 3429 1058 3481 et
1100 3417 1172 3480 uin-

122 3527 185 3588 que
208 3506 261 3567 An
285 3503 348 3581 lici,
370 3527 473 3590 neque
494 3504 527 3566 in
548 3504 646 3568 altero
668 3525 737 3566 meo
760 3503 836 3565 MS.
859 3524 962 3587 neque
987 3502 1019 3565 in
1042 3526 1059 3566 c
1105 3548 1112 3564 .
1138 3524 1169 3568 1.

122 3587 207 3653 Novi
223 3529 302 3652 coll.
319 3601 437 3665 extent,
453 3589 538 3652 istaec
553 3590 649 3653 verba
665 3588 846 3685 importuna
864 3603 894 3651 et
913 3587 1102 3651 editionibus
1116 3611 1172 3652 ve-

122 3672 300 3736 tustissimis
314 3673 420 3758 ignota
435 3672 638 3758 relinquenda
650 3672 800 3757 judicavi.

168 3757 252 3822 lbid.
276 3757 297 3820 l.
315 3762 364 3824 26.
396 3757 596 3821 Dominicum
623 3758 778 3822 celebrare
805 3772 836 3822 te
860 3758 972 3843 credis]
1000 3760 1064 3822 Res
1087 3758 1170 3823 icere

121 3844 247 3908 videtur
263 3859 372 3908 auctor
390 3858 494 3907 noster
511 3843 614 3906 locum
639 3846 682 3907 D.
697 3843 790 3907 Pauli
808 3865 821 3907 1
838 3846 911 3908 Cor.
925 3844 986 3907 xvi.
1000 3863 1028 3910 2.
1043 3782 1099 3908 ubi
1114 3845 1170 3931 ju-

121 3930 237 3994 bentur
255 3929 369 4017 singuli
387 3929 494 3993 fideles
505 3930 617 4015 prima
628 3930 772 4007 Sabbas,
788 3929 852 3992 sive
866 3929 977 4016 quavis
991 3930 1042 3994 die
1057 3931 1170 3994 Domi-

120 4015 201 4093 nica,
217 4037 364 4103 seponere
385 4016 468 4102 quod
487 4017 533 4078 eis
555 4015 793 4102 beneplacuerit.
838 4017 884 4078 Et
907 4037 1024 4079 morem
1046 4016 1104 4079 hac
1126 4040 1167 4080 ex

120 4118 219 4187 parte,
232 4101 367 4166 ecclesiae
381 4100 567 4165 Christianae
582 4101 716 4188 explicat
727 4099 872 4166 lustinus
888 4102 1015 4188 Martyr
1029 4101 1124 4187 Apol.
1136 4121 1166 4166 2.

119 4192 165 4267 Τῇ
186 4192 239 4251 τοῦ
257 4190 343 4266 ἡλίου
362 4186 510 4268 λεγομένῃ
525 4186 617 4272 ἡμέρᾳ
632 4188 751 4252 πάντων
767 4188 840 4249 κατὰ
854 4187 944 4249 πόλιν
957 4185 975 4267 ἢ
991 4188 1098 4268 ἀγροὺς
1111 4213 1164 4266 με-

121 4276 233 4336 υόυτωυ
253 4275 302 4336 ἐπὶ
321 4272 355 4336 τὸ
377 4273 447 4336 αὐτὸ
468 4272 643 4341 συνέλευσις
660 4275 784 4355 γίνεται.
815 4272 962 4357 Cumque
983 4295 1112 4359 precum
1134 4287 1166 4337 et

119 4356 325 4423 Eucharistiae
346 4357 483 4422 solennia
504 4358 723 4446 descripsisset,
739 4356 913 4443 subjungit,
929 4362 958 4421 οἱ
974 4359 1166 4438 εὐποροῦντες
