2678 4830
314 347 378 410 DE
403 345 806 409 PRAESCRIPTIONE‘
828 345 955 409 HAER.
1097 347 1161 426 1549

113 521 218 597 mites
247 545 345 599 meos
368 518 600 591 commoves?
635 518 723 590 Mea
746 531 801 591 est
821 517 1008 616 possessio.
1062 515 1172 609 Quid,

112 638 173 712 hic
191 636 305 710 ceteri.
319 634 364 708 ad
381 635 604 707 voluntatem
621 648 773 706 vestram
794 634 978 707 seminatis
992 648 1029 707 et
1044 634 1161 735 pasci-

112 755 158 827 tis
169 754 189 826 ?.
208 755 296 827 Mea
314 764 369 824 est
385 751 587 851 possessio:
613 751 701 823 olim
720 749 908 850 possideo:
935 750 1174 852 prior-possi,

112 871 192 961 deo,
210 870 326 942 liabeo
344 868 638 967 originesfirmas
664 870 710 940 ab
733 868 819 967 ipsis
838 868 1054 955 auctoribus,
1072 896 1162 967 quo-

84 1014 191 1082 55rum
210 986 280 1060 fuit
296 1013 362 1058 res.
416 984 499 1083 Ego
518 986 598 1057 sum
621 985 743 1059 haeres
758 985 1015 1084 apostolorum.
1058 985 1162 1060 Sicut

113 1116 284 1178 caverunt
317 1112 548 1175 testamento.
570 1128 645 1190 suo,
675 1102 769 1174 sicut
803 1101 1160 1194 fideicommiserunt,

113 1221 162 1294 ita
180 1235 295 1294 tene0.
338 1220 413 1291 Vos
432 1230 527 1291 certe
544 1217 862 1291 exhaeredaverunt
879 1245 1021 1319 semper
1037 1232 1074 1292 et
1098 1221 1162 1292 ab·

113 1336 334 1424 dicaverunt,
352 1348 393 1408 ut
411 1355 611 1425 extraneos,
629 1349 670 1408 ut
688 1335 866 1408 inimicos.
910 1335 1020 1410 Unde
1037 1350 1160 1410 autem

114 1453 286 1541 extranei,
305 1465 341 1526 et
364 1450 503 1524 inimici
530 1452 700 1551 apostolis
726 1451 908 1537 haeretici3
939 1453 1007 1525 nisi
1033 1479 1079 1526 ex
1105 1453 1161 1527 di-

69 1570 280 1642 roversitate
306 1567 489 1657 doctrinae,
507 1594 614 1665 quam
642 1568 901 1665 unusquisque·
915 1567 960 1641 de
983 1594 1048 1642 suo
1068 1569 1162 1642 arbi-

114 1687 194 1774 trio,
212 1685 380 1759 adversus
398 1684 578 1783 apostolos
597 1696 659 1757 aut
676 1685 838 1784 protulit,
857 1700 919 1758 aut
938 1686 1094 1786 recepit?

165 1802 245 1875 Illic
262 1800 373 1899 igitur
389 1812 425 1872 et
443 1799 699 1898 scripturarum
716 1812 754 1873 et
770 1800 1039 1900 expositionum
1058 1802 1162 1876 adul·
1205 1833 1288 1882 cup.

115 1920 241 1992 teratio
258 1915 465 2016 deputanda
482 1929 547 2006 est,
564 1917 627 1990 ubi
653 1916 837 1991 diversitas
862 1917 1036 1991 doctrinae
1063 1898 1324 2001 inve-,fflvffl‘

116 2037 224 2110 nitur.
276 2034 417 2118 Quibus
435 2033 506 2107 fuit
521 2035 748 2133 propositum
772 2035 874 2108 aliter
896 2034 1072 2122 docendi3
1100 2065 1162 2110 ne-

70 2153 261 2244 15cessitas
287 2149 418 2223 institit
443 2150 546 2222 aliter
570 2149 783 2250 disponendi
810 2151 1049 2227 instrumenta
1078 2153 1163 2228 doc-

116 2270 228 2344 trinae.
273 2267 373 2340 Alias
392 2267 490 2340 enim
508 2293 582 2339 non
599 2267 802 2365 potuissent
819 2266 921 2340 aliter
937 2268 1075 2359 docere,
1094 2271 1162 2344 nisi

114 2385 219 2460 aliter
236 2384 410 2457 haberent
429 2409 496 2481 per
509 2409 590 2481 quoe
603 2381 785 2455 docerent.
812 2382 914 2456 Sicut
927 2383 998 2457 illis
1012 2412 1085 2458 non
1097 2413 1163 2487 po-
1221 2403 1226 2413 “

116 2504 249 2577 tuisset
264 2499 454 2574 succedere
466 2500 667 2599 corruptela
681 2498 852 2572 doctrinae
870 2501 947 2573 sine
964 2505 1166 2602 corruptela

116 2620 439 2692 instrumentorum
466 2615 567 2712 ejus:
599 2615 650 2688 ita
675 2627 712 2687 et
737 2615 842 2689 nobis
868 2617 1053 2717 integritas
1080 2619 1164 2694 doc-

69 2770 107 2808 20
116 2735 217 2809 trinae
246 2762 320 2808 non
348 2733 580 2832 competisset
605 2732 682 2804 sine
707 2732 912 2832 integritate
938 2762 1075 2826 eorum,
1101 2763 1165 2837 per
1273 2832 1275 2835 Ι

116 2879 196 2952 quae
225 2850 389 2925 doctrina
418 2862 602 2923 tractatur.
654 2849 805 2924 Etenim
831 2850 917 2948 quid
943 2855 1163 2928 contrarium

116 2970 220 3043 nobis
243 2969 280 3040 in
305 2967 459 3041 nostris?
484 2966 571 3066 quid
589 2965 634 3039 de
651 2969 797 3067 proprio
819 2968 1023 3060 intulimus,
1042 2986 1084 3045 ut
1100 2972 1165 3045 ali-

117 3084 203 3184 quid
229 3084 447 3157 contrarium
466 3084 511 3174 ei,
533 3080 607 3184 [et]
627 3083 664 3156 in
683 3084 867 3185 scripturis
885 3084 1164 3185 deprehensum,

117 3199 338 3274 detractione
362 3199 420 3274 vel
451 3198 652 3295 adjectione
680 3199 738 3273 vel
768 3201 1080 3289 transmutatione,
1112 3228 1165 3274 re-

63 3349 106 3410 ,25
118 3316 383 3390 mediaremus?
420 3314 528 3400 Quod
547 3342 683 3404 sumus,
702 3317 773 3389 hoc
789 3330 872 3389 sunt
890 3316 1075 3417 scripturae
1086 3317 1165 3414 jam

113 3434 202 3508 inde
225 3435 271 3508 ab
295 3434 400 3506 initio
427 3460 516 3506 suo:
542 3459 588 3505 ex
606 3432 676 3504 illis
694 3459 831 3523 sumus,
850 3447 1043 3532 antequam
1064 3433 1166 3534 (for.

113 3565 202 3625 ente
218 3553 324 3649 quas)
346 3550 437 3623 nihil
455 3549 557 3623 aliter
573 3548 654 3636 fuit,
672 3577 782 3648 quam
802 3576 937 3625 sumus.
990 3551 1087 3636 Quid
1105 3553 1168 3626 de-

117 3668 227 3768 nique
244 3667 325 3757 fuit,
342 3682 537 3765 antequam
556 3693 577 3739 a
593 3667 698 3740 nobis
716 3660 1033 3766 interpolarentur?
1070 3670 1167 3745 Cum

114 3799 241 3859 autem
260 3784 378 3857 omnis
396 3783 626 3883 interpolatio
643 3783 819 3884 posterior
835 3785 1012 3860 credenda
1035 3787 1092 3874 sit,
1108 3815 1169 3864 ve-

70 3900 222 3993 -30niens
241 3900 365 3998 utique
383 3925 429 3972 ex
448 3925 556 3972 causa
572 3900 829 3987 aemulationis3
847 3929 927 4000 quae
944 3929 1061 4001 neque
1073 3904 1170 4003 prior

120 4041 238 4113 neque
255 4014 454 4088 domestica
471 4041 632 4112 unquam
651 4028 706 4088 est
728 4015 817 4112 ejuS,
835 4017 931 4115 quod
954 4019 1166 4092 aemulatur:

117 4145 194 4204 tam
222 4131 432 4205 incredibile
456 4144 512 4205 est
535 4131 687 4232 sapienti
712 4133 854 4231 cuique,
874 4150 916 4208 ut
938 4162 1005 4207 nos
1031 4135 1168 4209 adulte-

41 4269 42 4272 ’
119 4273 202 4320 rum
221 4248 356 4346 stylum
373 4249 540 4343 'intulisse
552 4249 740 4337 videamur
757 4250 951 4351 scripturis,
962 4252 1025 4351 qui
1043 4278 1168 4326 sumus

638 4385 693 4450 L3
