2678 4830
36 388 39 393 .
159 331 225 399 286
542 336 828 402 FIRMILIANI

159 529 244 578 eum
271 505 517 602 loquentibus,
534 507 608 581 sive
634 508 673 582 in
696 508 767 581 fide
791 509 928 583 sincera
950 513 1214 610 perseveranti·

158 622 239 727 bus.
289 621 371 695 Nec
388 636 553 721 oporteat
570 625 640 697 hoo
657 625 765 723 longo
782 637 936 698 tractatu
950 640 1130 715 excutere,
1146 628 1213 702 sed
1307 670 1313 699 ι

158 735 275 835 ipsam
302 737 387 810 satis
414 737 461 810 sit
486 739 676 837 epistolam
703 740 832 838 legere,
849 756 885 812 et
911 741 998 838 quid
1026 743 1213 841 apostolus

158 852 301 942 dixerit,
318 852 363 926 de
384 853 464 953 ipso
488 855 651 953 apostolo
674 882 937 954 recognoscere.
989 858 1088 941 Quid
1111 885 1214 958 ergo,

158 969 340 1067 inquiunt,
359 972 422 1044 fiet
439 970 484 1044 de
503 971 559 1044 his
576 971 638 1068 qui
663 973 708 1044 ab
733 972 912 1046 haereticis
929 973 1112 1048 venientes
1131 975 1212 1047 sine
1221 1010 1240 1071 5

159 1086 319 1159 ecclesiae
342 1087 524 1187 baptismo
548 1086 694 1160 admissi
718 1088 825 1161 sunt?
868 1089 908 1162 Si
933 1089 978 1163 de
998 1091 1120 1164 seculo
1145 1117 1213 1164 ex-

159 1215 354 1293 cesserunt,
371 1201 407 1275 in
433 1229 558 1276 eorum
584 1229 734 1276 numero
757 1204 821 1301 qui
843 1204 938 1303 apud
963 1232 1029 1278 nos
1052 1207 1214 1281 catechi-

160 1318 232 1392 zati
249 1318 396 1418 quidem
416 1331 512 1406 sunt,
529 1317 591 1391 sed
608 1319 820 1419 priusquam
845 1321 1114 1420 baptizarentur
1131 1323 1213 1396 obi-

159 1448 277 1526 erunt,
295 1436 485 1509 habentur.
528 1434 617 1508 Non
634 1436 744 1509 modo
761 1436 890 1510 dicunt
908 1435 1008 1536 (for.
1026 1437 1112 1511 Non
1130 1465 1213 1512 mo-

159 1554 295 1643 dicum,
311 1553 382 1627 vid.
400 1557 539 1648 notam)
557 1553 846 1627 emolumentum
871 1553 1031 1626 veritatis
1054 1566 1091 1627 et
1113 1554 1212 1646 fidei,
1226 1597 1266 1636 10

159 1665 338 1765 adquam
368 1668 494 1740 relicto
523 1694 640 1741 errore
668 1683 915 1768 pervenerant,
943 1671 1010 1744 etsi
1042 1697 1214 1744 consum-

159 1784 356 1857 mationem
384 1783 509 1882 gratiae
533 1784 716 1857 consecuti
748 1812 822 1857 non
852 1799 947 1875 sunt,
974 1800 1089 1859 morte
1119 1814 1213 1885 prae·

159 1897 267 1973 venti.
311 1898 384 1981 Qui
403 1911 525 1972 autem
544 1898 664 1972 adhuc
682 1900 719 1972 in
737 1902 858 1975 seculo
876 1915 1101 2001 permanent,
1120 1904 1210 2003 bap·

159 2014 317 2088 tizentur
342 2014 502 2088 ecclesiae
528 2015 722 2114 baptismo,
739 2030 782 2090 ut
807 2018 1056 2091 remissionem
1083 2045 1212 2117 pecca-

160 2146 278 2206 torum
306 2131 477 2230 consequi
504 2132 668 2232 possint;
695 2160 741 2206 ne
766 2161 832 2234 per
856 2135 1011 2208 alienam
1037 2161 1262 2235 praesum-15

159 2249 296 2322 tionem
315 2248 352 2321 in
370 2249 522 2347 pristino
539 2275 655 2323 errore
674 2263 873 2341 manentes,
891 2250 967 2324 sine
984 2250 1107 2349 gratiae
1124 2278 1214 2324 con·

162 2365 404 2440 summatione
422 2365 632 2440 moriantur.

0 2511 16 2546 ι
28 2503 126 2566 pum
212 2482 295 2556 XV.
320 2482 493 2555 Ceterum
511 2483 618 2580 quale
636 2482 808 2558 delictum
826 2496 893 2574 est,
910 2484 967 2558 vel
985 2484 1128 2557 illorum
1147 2483 1211 2581 qui

49 2569 373 2713 &madmittunt
390 2601 446 2672 vel
470 2626 595 2672 eorum
622 2601 684 2697 qui
709 2600 969 2687 admittuntur3
997 2614 1038 2674 ut
1057 2627 1129 2674 non
1148 2601 1212 2673 ab

0 2715 147 2814 'f'fflmsfioe
163 2716 247 2789 lutis
273 2742 337 2814 per
362 2714 521 2788 ecclesiae
548 2715 733 2790 lavacrum
759 2716 934 2806 sordibus,
961 2744 1027 2790 nec
1054 2717 1212 2816 peccatis
1224 2751 1264 2790 20

0 2829 146 2957 ¹·*12moeffl1'0⁰·
123 2831 348 2942 expositis,
366 2844 536 2929 usurpata
559 2844 694 2905 temere
717 2833 1045 2906 communicatione
1069 2833 1213 2907 contin-

81 2911 252 3047 p'fflgant
273 2974 402 3046 corpus
428 2961 465 3019 et
490 2947 701 3045 sanguinem
733 2949 898 3040 Domini,
924 2977 1007 3023 curn
1036 2949 1211 3050 scriptum

2 3084 80 3134 scor.
59 3085 123 3134 rxi
164 3065 233 3138 sit.
267 3064 486 3161 Quicunque
512 3062 626 3137 ederit
653 3091 785 3163 panem
814 3081 875 3139 aut
903 3067 1035 3140 biberit
1062 3069 1211 3140 calicem

19 3161 40 3215 ⁷'
163 3181 317 3255 Domini
336 3179 494 3280 indigne,
511 3207 591 3252 reus
609 3181 677 3254 erit
694 3183 851 3279 corporis
869 3196 904 3255 et
928 3184 1112 3280 sanguinis
1132 3182 1213 3256 Doss

163 3298 276 3371 mini?
319 3296 399 3369 Nos
417 3297 526 3370 etiam
546 3296 626 3370 illos
644 3325 734 3395 quos
754 3297 791 3369 hi
809 3298 869 3395 qui
890 3299 988 3396 prius
1007 3298 1043 3370 in
1062 3297 1259 3391 ecolesia25

163 3415 341 3488 catholica
367 3414 526 3512 episcopi
553 3413 707 3504 fuerant,
731 3426 768 3486 et
792 3413 1027 3513 postmodum
1051 3414 1119 3486 sibi
1146 3440 1213 3512 po-

111 3608 113 3613 ,
164 3541 331 3602 testatem
355 3529 491 3601 clericae
515 3528 747 3602 ordinationis
766 3542 988 3602 assumentes
1007 3529 1213 3629 baptizave-

164 3657 254 3729 rant,
271 3670 337 3743 pro
355 3670 427 3717 non
439 3644 638 3744 'baptizatis
655 3644 839 3718 habendos
858 3646 1118 3742 judicavimus.
1162 3643 1214 3715 Et

165 3761 235 3834 hoc
249 3759 344 3859 apud
358 3787 423 3832 nos
437 3763 657 3847 observatur,
673 3775 713 3835 ut
729 3763 938 3860 quicunque
957 3763 1002 3834 ab
1020 3761 1090 3834 illis
1108 3759 1212 3833 tincti

119 3891 130 3906 ·’
164 3875 210 3949 ad
233 3903 299 3949 nos
323 3877 484 3968 veniunt,
506 3892 679 3975 tanquam
704 3879 809 3952 alieni
836 3891 873 3952 ct
899 3877 990 3950 nihil
1017 3877 1212 3966 consecuti,
1221 3914 1263 3972 30

164 3981 273 4067 unico
290 4007 327 4068 et
344 4020 427 4066 vero
445 3994 605 4068 ccclesiae
623 3995 810 4068 catholicae
835 3993 1016 4093 baptismo
1035 3992 1130 4093 apud
1149 4020 1214 4066 nos

165 4110 407 4210 baptizentur,
432 4124 470 4184 et
493 4111 623 4184 lavacri
650 4112 767 4185 vitalis
794 4110 1103 4208 regenerationem
1129 4136 1215 4183 con·

166 4241 371 4325 sequantur.
423 4227 474 4301 Et
499 4241 621 4302 tamen
649 4229 805 4303 multum
834 4226 983 4301 interest
1009 4227 1214 4301 inteream
