2678 4830
159 337 224 406 256
513 342 546 406 S.
566 341 858 408 CYPRIANUS.

200 514 347 572 cladum
364 515 467 591 agerii
483 534 537 592 pro
555 515 651 576 indice
671 517 845 593 scriptorum
867 515 928 574 sive
947 526 1215 575 monumentorum

158 612 270 691 ingenii
290 613 361 689 poni
382 613 419 672 ab
440 613 623 692 Hieronymo
644 625 688 673 est
712 615 910 692 perspicuum.
952 612 1029 670 Mihi
1049 631 1123 672 vero
1144 628 1216 692 post

160 710 239 769 Guil.
255 710 386 770 Caveum
407 711 539 788 aliosque
558 713 609 788 qui
628 712 665 771 de
685 712 799 789 scriptis
820 712 916 771 sancti
935 711 1072 789 martyris
1088 710 1156 770 fuse
1178 732 1214 771 ac

158 809 314 887 diligenter
326 820 499 876 tractarunt,
514 810 588 868 nihil
607 810 685 869 aliud
701 811 758 869 hoc
777 811 843 869 loco
857 810 1004 886 reliquum
1019 820 1063 867 est
1078 828 1212 868 comme-

158 925 284 974 morare,
304 927 393 985 quam
409 918 478 984 post
497 927 580 966 curas
599 908 631 965 in
650 908 827 987 castigandis
844 919 934 984 atque
952 906 1135 965 illustrandis
1150 908 1211 985 Cy·

157 1005 253 1082 priani
271 1004 385 1082 scriptis
405 1007 561 1064 collocatas
583 1008 620 1065 ab
639 1006 772 1074 Erasmo,
790 1027 809 1064 a
826 1007 917 1064 Paulo
937 1005 1085 1074 Manutio,
1100 1005 1211 1063 Latino

157 1104 285 1172 Latinio,
299 1105 363 1164 Jac.
379 1106 519 1173 Pamelio,
534 1106 603 1166 Nic.
619 1106 757 1186 Rigaltio,
778 1107 913 1184 Philippo
930 1106 1040 1165 Priorio
1060 1117 1091 1163 et
1110 1107 1210 1164 novis-

157 1200 231 1259 sime
245 1203 389 1262 aJoanne
403 1205 485 1264 Fcllo
496 1204 657 1264 Oxoniensi
671 1206 819 1282 episcopo,
831 1223 940 1264 novam
954 1223 1075 1280 operum
1088 1202 1210 1262 S.Mar-

157 1300 229 1377 tyris
243 1301 402 1361 editionem
413 1307 474 1381 jam
490 1303 650 1379 exspectari
664 1303 701 1361 ab
716 1303 942 1361 accuratissima
954 1301 1125 1360 eruditionis
1136 1320 1210 1360 sene

157 1398 244 1457 etde
265 1400 473 1459 Ecclesiastico
493 1401 669 1477 antiquitate
690 1401 877 1460 meritissimo
900 1401 1051 1478 Stephano
1072 1400 1208 1468 Baluzio,

156 1497 207 1572 qui
228 1496 348 1576 triginta
368 1499 492 1575 amplius
514 1499 630 1557 codices
650 1497 740 1557 MSS.
758 1517 826 1556 eum
842 1499 874 1558 in
893 1517 980 1557 usum
997 1497 1156 1556 contulisse
1176 1515 1210 1555 se

156 1603 201 1650 est
214 1592 370 1670 professus.
395 1594 520 1669 (Prodiit
534 1595 650 1653 Parisiis
665 1614 743 1653 anno
759 1594 835 1671 1726
846 1606 913 1672 post
927 1606 1052 1652 mortem
1066 1593 1208 1668 Baluzii.)

155 1690 297 1748 Praeclara
309 1691 432 1750 Joannis
446 1693 518 1751 Eclli
534 1693 624 1751 editio
638 1695 757 1772 vulgata
771 1693 893 1753 Oxoniae
904 1713 931 1752 a.
945 1692 1032 1752 1682.
1060 1692 1108 1751 Jo.
1118 1693 1208 1751 Pcar-

155 1788 231 1845 sonii
244 1789 375 1847 Annales
389 1789 579 1868 Cyprianicos
597 1793 730 1866 praefixos
749 1793 848 1859 habet,
865 1792 961 1850 eidem
980 1790 1138 1868 separatim
1154 1792 1209 1850 de-

154 1886 224 1944 inde
243 1887 284 1946 H.
295 1887 439 1946 Dodwclli
458 1889 677 1947 dissertationes
697 1890 880 1966 Cyprianicae
900 1901 1095 1956 accesserunt,
1110 1891 1142 1946 in
1160 1909 1210 1949 re-

154 1984 254 2061 petitis
274 1984 451 2044 editionibus
468 1986 565 2045 Brem.
586 1985 674 2062 1690.
690 1999 720 2044 et
738 1987 902 2046 Amstelod.
923 1987 1010 2063 1699.
1027 1987 1116 2045 etiam
1135 1988 1207 2046 sub-

149 2085 270 2160 juncta.
306 2082 455 2142 Caeterum
473 2104 534 2142 non
551 2085 687 2143 obstante
701 2085 841 2164 Cypriani
860 2085 897 2144 de
914 2085 1131 2161 rebaptizandis
1145 2086 1207 2143 hae-

152 2181 251 2239 reticis
270 2182 417 2240 sententia
437 2202 490 2259 per
509 2183 663 2241 ecclesiam
683 2188 804 2262 rejecta,
821 2183 1013 2242 nihilominus
1028 2204 1082 2260 pro
1101 2196 1207 2242 sancto

152 2298 268 2356 semper
280 2280 414 2338 habitum
428 2282 534 2358 probat
547 2281 594 2339 Jo.
606 2282 756 2360 Launojus
769 2282 819 2340 lib.
830 2281 915 2340 VIII.
930 2282 1025 2358 Epist.
1041 2296 1087 2357 15.

192 2375 253 2439 [Α.
264 2379 299 2438 C.
314 2379 382 2455 258.
402 2397 448 2453 14.
462 2379 544 2456 Sept.
561 2380 598 2437 ad
612 2379 764 2438 decretum
779 2380 834 2437 Pro
849 2378 918 2438 Cos.
949 2380 1091 2438 Theseiam
1104 2380 1205 2458 Cypri-

152 2495 231 2534 naam
243 2477 336 2553 gladio
350 2478 531 2536 animadverti
538 2479 642 2553 placet.

193 2584 210 2629 ε
231 2573 385 2634 Cornelius
400 2576 611 2635 centumcellis
626 2575 772 2636 Hetruriae
786 2575 818 2632 in
832 2575 918 2634 exilio
932 2576 1045 2634 obierat
1063 2593 1108 2649 14.
1119 2575 1204 2652 Sept.

153 2690 180 2729 a.
198 2685 266 2747 252.
286 2684 320 2731 ut
341 2674 379 2732 ad
400 2674 525 2751 cap.66.
541 2680 603 2755 Jam
624 2687 727 2733 notare
748 2693 796 2732 me
817 2674 949 2732 memini.
992 2674 1052 2748 (Ad
1073 2673 1205 2733 Cornelii

151 2771 334 2847 martyrium,
360 2772 470 2830 siccum
492 2791 531 2830 an
558 2783 714 2831 cruentum
737 2771 836 2838 fuerit,
861 2771 1041 2849 pertinentia
1067 2771 1203 2846 quaedam
1279 2814 1294 2836 ,

152 2869 285 2944 congessi
312 2868 350 2926 ad
377 2869 492 2929 Concil.
515 2870 653 2948 Carthag.
676 2870 730 2928 sub
758 2870 906 2948 cypriano
930 2869 984 2927 IV.
1012 2870 1044 2926 in
1067 2869 1204 2945 Reliquiis

151 2963 250 3023 Sacris
265 2966 393 3024 vollll.
411 2987 441 3044 p.
457 2985 523 3042 132.
565 2968 663 3046 Digna
686 2977 786 3025 autem
809 2979 887 3035 sunt,
912 2987 977 3044 quae
999 2968 1034 3025 iis
1057 2967 1204 3026 addantur

151 3064 243 3122 verba
256 3063 288 3123 S.
301 3064 429 3132 Paciani,
446 3067 497 3142 qui
510 3066 547 3124 ad
560 3066 651 3125 finem
665 3077 806 3145 vergente
823 3067 929 3124 saeculo
947 3066 1077 3124 ecclcsiae
1097 3077 1203 3142 quarto

151 3161 260 3230 fiomit,
275 3163 307 3220 in
319 3163 453 3241 Epistola
466 3163 508 3226 II.
522 3169 546 3240 ᾗ.
558 3164 607 3224 vii.
622 3184 652 3242 p.
665 3163 713 3225 26.
728 3175 800 3223 tom.
812 3164 882 3224 VII.
897 3163 1073 3222 Bibliotheca
1082 3165 1203 3222 Patmm

155 3259 366 3337 Gallondionae.)
