2678 4830
257 320 309 385 m
331 301 605 384 ammata
627 318 1070 386 ceramensium.
1129 322 1194 392 aaa
1302 270 1308 279 ’

143 506 231 558 τεοῐε
255 514 406 580 opponas,
433 503 553 556 veteres
577 505 682 579 patres
705 491 738 555 id
764 513 886 580 semper
913 492 1019 557 solitos
1043 515 1109 557 esse
1135 516 1194 581 pro

147 592 232 644 certo
254 592 400 656 statuere,
423 577 518 641 alium
544 601 582 642 ac
605 578 764 642 diversum
788 580 895 643 Deum
916 601 1083 666 agnoscere
1106 582 1196 644 Mar-

147 665 286 742 cionitas,
309 665 365 752 qui
392 664 509 728 Christi
534 667 661 729 Patrem
683 687 723 728 ne
745 679 834 729 arent
855 665 1005 730 creavisse
1027 666 1192 730 mundum.

147 752 238 817 Audi
255 750 487 816 Tertullianum
509 751 614 816 adhue
633 688 821 816 cathoiicum
841 751 874 814 in
893 751 952 816 hac
968 752 1037 838 ipsa
1055 753 1095 817 de
1113 753 1193 840 bap·

148 838 231 902 tismi
250 838 424 925 quaestione
443 836 529 901 idern
549 851 780 925 suggerentem,
802 839 879 901 Non
901 839 1002 917 debeo,
1022 838 1137 925 inquit,
1157 842 1195 903 in

146 927 211 989 illis
228 924 410 1009 (baeretiois)
433 946 606 1011 agnoscere
627 925 710 1012 qarod
731 925 809 990 mibi
829 934 875 988 est
889 934 1096 1012 praeceptum,
1104 927 1217 1074 ,dm

147 1013 309 1076 corridere
321 1012 413 1074 Deos
432 1020 478 1074 est
497 1013 586 1075 nobis
607 1021 636 1075 et
655 1012 731 1088 attis,
745 1032 802 1074 uec
816 1033 900 1074 unus
917 1012 1103 1091 Christos,i
1139 1022 1196 1091 est,

146 1099 249 1162 idem:
265 1098 305 1161 de
319 1096 483 1183 Baptismo
497 1119 566 1183 cap.
581 1113 633 1181 15.
679 1098 795 1183 Itaque
817 1111 951 1161 veterem
973 1096 1116 1162 revocavi
1137 1097 1197 1162 leo-

147 1184 274 1261 tionem,
287 1206 360 1268 quae
374 1205 445 1247 curn
460 1181 569 1246 melior
583 1197 725 1281 apparet,
741 1197 809 1247 tum
824 1197 912 1248 extat
924 1182 957 1246 in
972 1183 1089 1262 codiee,
1101 1205 1197 1270 quem

146 1270 213 1358 ipse
232 1268 365 1356 inspexi,
383 1268 468 1333 Novi
487 1268 630 1356 Collegil,
652 1269 833 1356 caeterisque
853 1270 983 1333 fortasse
1004 1269 1120 1348 MStis,
1140 1269 1197 1356 qui

146 1356 179 1420 in
195 1356 329 1422 editione
345 1358 448 1420 Oxon.
464 1355 676 1433 nominantur,
688 1355 807 1442 quippe
821 1378 893 1419 cum
909 1355 996 1419 nulla
1010 1356 1050 1420 sit
1064 1356 1198 1421 varietas

146 1443 286 1507 lectionis
307 1441 422 1506 ibidem
447 1455 563 1506 notata.
609 1444 768 1506 Caeterum
790 1441 1039 1506 additamentum
1061 1441 1151 1522 illud,
1167 1451 1198 1508 et

147 1532 309 1617 Spiritum
324 1530 479 1593 Sanctum
498 1527 531 1591 in
550 1526 645 1593 codd.
660 1527 801 1615 quinque
820 1541 980 1614 repertum
997 1528 1094 1592 fuisse
1111 1529 1199 1593 novi-

101 1642 102 1645 *
147 1639 218 1680 mus
232 1638 271 1679 ex
286 1614 356 1680 ead.
372 1614 519 1678 editione.
555 1613 620 1678 Hic
634 1615 701 1700 ipse
715 1636 790 1677 vero
805 1613 979 1677 Firmiliani
994 1614 1081 1678 locus
1095 1628 1198 1679 osten-

147 1702 193 1766 dit
208 1719 292 1766 recte
307 1700 435 1766 sensisse
448 1701 489 1764 de
504 1701 537 1765 S.
552 1699 718 1764 Trinitatis
732 1699 871 1787 personis
885 1700 943 1764 hos
959 1700 1181 1766 Montanistas.

192 1790 230 1853 P.
245 1790 315 1873 236.
328 1787 350 1853 l.
365 1808 396 1871 9.
412 1788 485 1852 Non
501 1786 595 1850 modo
610 1787 735 1874 dicunt]
746 1786 803 1850 Ad
813 1787 909 1851 verba
920 1786 1090 1874 superiora,
1101 1790 1138 1850 in
1149 1809 1197 1852 eo-

147 1898 220 1938 rum
234 1895 365 1938 numero
378 1875 544 1951 habentur,
559 1873 627 1937 haec
641 1872 803 1937 adnotavit
824 1873 986 1937 Baluzius.
1033 1873 1084 1938 Sic
1105 1873 1195 1938 resti·

148 1961 266 2025 tuimus
280 1961 366 2023 hunc
380 1959 484 2024 locum
503 1959 689 2025 auctoritate
703 1959 819 2023 vetusti
834 1958 949 2024 codicis
965 1959 1197 2046 compendien·

147 2047 188 2111 sis
210 2061 241 2112 et
264 2046 459 2125 Michaelini,
476 2047 509 2109 in
530 2046 647 2133 quibus
668 2069 731 2109 vox
753 2046 909 2110 habentur
930 2062 976 2110 est
999 2045 1196 2134 transposita,

147 2134 201 2197 sed
224 2148 327 2198 tamen
350 2155 422 2196 cum
444 2146 519 2196 nota
542 2133 638 2196 veteri
657 2156 729 2218 quae
749 2131 885 2195 ostendit
904 2132 960 2196 ubi
981 2133 1128 2218 ponenda
1145 2132 1196 2212 sit,

147 2220 293 2284 nimirum
309 2234 381 2305 post
395 2241 501 2283 vocem
520 2239 659 2282 numero.
705 2219 821 2303 Itaque
841 2217 925 2281 cadit
943 2218 1122 2304 conjectura
1141 2218 1199 2282 Ri-

146 2307 235 2393 galtii
249 2305 334 2369 hunc
348 2306 451 2368 locum
466 2303 669 2368 emendantis.
700 2304 828 2367 BnLuz.
873 2305 956 2367 Cum
973 2317 1046 2390 post
1064 2304 1197 2369 verbum

146 2395 291 2457 obierunt
335 2391 414 2454 osita
435 2403 514 2454 esset
536 2402 608 2454 ante
631 2388 753 2453 Baluzii
775 2389 979 2454 mutationem
1002 2413 1065 2453 vox
1083 2391 1198 2455 bobert-

147 2487 212 2555 tar,
229 2477 296 2563 Rig
327 2476 389 2540 tius
410 2476 513 2539 locum
537 2476 579 2539 sic
600 2475 830 2540 emendandum
851 2474 964 2553 voluit,
986 2477 1118 2540 Habent
1131 2499 1197 2541 non

147 2565 235 2627 modo
249 2562 375 2626 discunt
389 2563 637 2626 emolumenturn.
666 2562 772 2626 Affert
786 2584 861 2625 vero
876 2561 985 2625 Fellus
999 2562 1126 2648 longam
1141 2563 1197 2627 sed

147 2649 221 2713 satis
244 2661 416 2713 contortam
438 2646 723 2733 interpretationem
748 2647 927 2726 verborum,
949 2671 1014 2712 uon
1035 2651 1124 2713 modo
1148 2650 1197 2714 di-

147 2745 223 2800 caut
240 2737 490 2799 emolumenturn.
528 2733 643 2797 Ausim
665 2757 740 2820 ergo
761 2757 922 2821 reponere,
937 2735 1015 2798 Nou
1037 2735 1197 2800 modicum

147 2824 402 2886 emolumentum:
428 2822 552 2899 Graece,
576 2820 623 2884 Οὐ
643 2821 763 2902 μέτριον
786 2821 887 2902 κέρδος
908 2823 1049 2902 ἀληθείας
1074 2823 1122 2887 καὶ
1146 2825 1195 2888 πί-

148 2935 250 2976 στεως.
291 2910 414 2972 Extant
439 2930 540 2985 voces,
566 2929 630 2970 nort
655 2906 807 2970 modicam
831 2929 926 2993 supra
949 2930 1023 2994 pag.
1040 2926 1114 2995 234.
1150 2910 1197 2973 Et

147 3011 314 3081 postquam
341 2993 557 3143 bregopicripsfi,
582 2992 808 3143 visigdbiarlani
833 2992 947 3092 verbis.
961 2993 1088 3143 gavisup
1112 3018 1194 3093 sum,

479 3103 509 3142 m
538 3103 572 3142 er
604 3102 635 3142 m
713 3103 739 3142 rs
825 3102 856 3142 m
1187 3128 1196 3146 .

148 3081 434 3245 guffliiidielddiim,
449 3103 564 3252 iirquit,
572 3103 1083 3252 elongeodiffidrclibreriiiilnidriiidrb
1089 3096 1195 3231 lbisdiat-

149 3260 171 3291 “
186 3253 252 3317 bor.
297 3252 348 3316 De
363 3252 400 3316 iis
415 3252 470 3339 qui
485 3251 561 3316 foris
573 3251 724 3339 baptizati
744 3251 809 3314 sine
824 3275 906 3316 novo
921 3251 1076 3338 baptismo
1095 3253 1128 3316 in
1147 3277 1196 3317 ec-

148 3348 170 3378 “
186 3339 277 3403 clesia
290 3338 446 3417 obierunt,
462 3338 505 3402 sic
520 3338 628 3403 statuit
644 3337 853 3402 Firmilianus.
892 3338 932 3401 Sc'
947 3339 985 3401 de
998 3340 1196 3402 samo—-

149 3433 171 3465 “
185 3449 249 3490 non
269 3435 346 3490 sunt
366 3435 464 3490 morte
483 3426 650 3512 preventi.
688 3423 859 3487 Existimat
883 3422 1042 3511 Rigaltius
1063 3426 1197 3489 verbum

149 3520 170 3551 “
185 3513 299 3576 babent
317 3511 533 3600 reponendum
554 3523 625 3596 post
639 3511 804 3590 habentur,
820 3522 852 3574 et
872 3510 917 3575 sio
935 3509 1103 3575 emendat:
1127 3513 1197 3576 Ha-

148 3606 170 3637 “
185 3600 261 3662 bent
281 3622 345 3663 non
365 3599 454 3662 modo
475 3596 600 3661 discunt
622 3597 859 3661 emolumentum
882 3599 1027 3662 veritatis
1049 3607 1078 3661 et
1087 3599 1194 3684 fidei:

148 3685 239 3748 “sed
258 3685 359 3750 multo
378 3684 483 3771 aptius
501 3682 563 3769 legi
576 3696 691 3769 posset,
701 3684 833 3749 Habeat
852 3707 916 3748 non
938 3684 1092 3748 modicum
1113 3707 1194 3748 emo-

149 3777 170 3808 “
185 3772 369 3849 lamentum,
384 3793 443 3858 pro
463 3792 528 3834 non
547 3770 636 3833 modo
655 3771 765 3835 ddunt
784 3781 920 3835 autnon
934 3772 1024 3834 modo
1037 3771 1194 3834 discunt.”
1294 3780 1302 3801 '

149 3857 230 3920 Haec
250 3857 404 3921 Maranus
423 3855 456 3918 in
474 3858 531 3919 Vit.
547 3857 585 3922 S.
604 3856 764 3942 Cypriani
785 3858 813 3939 ξ.
826 3857 913 3921 xxxi.
935 3879 967 3944 p.
980 3856 1082 3921 cxviii.
1129 3856 1193 3922 Sed

147 3940 235 4005 haud
248 3965 371 4022 necesse
386 3966 463 4020 esse,
478 3956 515 4006 ut
529 3941 665 4006 addatur
677 3943 802 4020 haberit,
817 3941 939 4029 opinor.

191 4031 231 4092 P.
247 4045 319 4113 237.
335 4030 356 4093 l.
373 4051 399 4095 1.
423 4029 603 4094 necessitate
642 4028 842 4092 ersecutionis
862 4041 988 4092 coactus
1009 4027 1188 4113 succubuit]

149 4115 213 4178 Hic
229 4114 410 4200 designatur
423 4115 564 4181 clericus.
588 4050 729 4180 Ciiricus
742 4127 849 4178 autem
862 4113 969 4214 lapsus
982 4114 1091 4178 ordine
1105 4136 1192 4178 sacro

148 4200 267 4300 moveri
287 4200 396 4266 solitus
415 4217 472 4282 est,
488 4225 591 4289 neque
605 4201 633 4265 ei
651 4200 749 4276 licuit,
766 4213 802 4265 ut
820 4199 1002 4292 baptizandi
1018 4200 1113 4266 ritum
1133 4199 1189 4266 ad·

147 4302 345 4352 ministraret.
