<?xml version="1.0" encoding="UTF-8"?>
<!DOCTYPE html PUBLIC "-//W3C//DTD XHTML 1.0 Transitional//EN"
    "http://www.w3.org/TR/xhtml1/DTD/xhtml1-transitional.dtd">
<html xmlns="http://www.w3.org/1999/xhtml" xml:lang="en" lang="en">
 <head>
  <title>
</title>
<meta http-equiv="Content-Type" content="text/html;charset=utf-8" />
  <meta name='ocr-system' content='tesseract 3.04.00' />
  <meta name='ocr-capabilities' content='ocr_page ocr_carea ocr_par ocr_line ocrx_word'/>
</head>
<body>
  <div class='ocr_page' id='page_1' title='image "./scriptorumeccle00unkngoog_0263.png"; bbox 0 0 2678 4830; ppageno 0'>
   <div class='ocr_carea' id='block_1_1' title="bbox 170 341 883 408">
    <p class='ocr_par' dir='ltr' id='par_1_1' title="bbox 170 341 883 408">
     <span class='ocr_line' id='line_1_1' title="bbox 170 341 883 408; baseline 0.003 -3"><span class='ocrx_word' id='word_1_1' title='bbox 170 343 236 406; x_wconf 72' lang='lat'>244</span> <span class='ocrx_word' id='word_1_2' title='bbox 505 341 883 408; x_wconf 86' lang='lat' dir='ltr'><strong>ANNOTATIONES</strong></span> 
     </span>
    </p>
   </div>
   <div class='ocr_carea' id='block_1_2' title="bbox 162 512 1223 4396">
    <p class='ocr_par' dir='ltr' id='par_1_2' title="bbox 168 512 1223 1527">
     <span class='ocr_line' id='line_1_2' title="bbox 172 512 1223 601; baseline 0.001 -23"><span class='ocrx_word' id='word_1_3' title='bbox 172 513 317 600; x_wconf 75' lang='lat' dir='ltr'><strong>Baptista</strong></span> <span class='ocrx_word' id='word_1_4' title='bbox 332 512 507 577; x_wconf 89' lang='lat' dir='ltr'>Cotelerius</span> <span class='ocrx_word' id='word_1_5' title='bbox 525 512 559 576; x_wconf 91' lang='lat' dir='ltr'>in</span> <span class='ocrx_word' id='word_1_6' title='bbox 577 513 739 600; x_wconf 88' lang='lat' dir='ltr'>epistolam</span> <span class='ocrx_word' id='word_1_7' title='bbox 762 514 878 601; x_wconf 86' lang='lat' dir='ltr'>Ignatii</span> <span class='ocrx_word' id='word_1_8' title='bbox 898 512 939 576; x_wconf 89' lang='lat' dir='ltr'>ad</span> <span class='ocrx_word' id='word_1_9' title='bbox 957 512 1148 594; x_wconf 83' lang='lat' dir='ltr'><strong>Trallianos,</strong></span> <span class='ocrx_word' id='word_1_10' title='bbox 1165 515 1223 581; x_wconf 92' lang='lat' dir='ltr'>ubi</span> 
     </span>
     <span class='ocr_line' id='line_1_3' title="bbox 171 597 1222 687; baseline 0.004 -25"><span class='ocrx_word' id='word_1_11' title='bbox 171 613 296 686; x_wconf 88' lang='lat' dir='ltr'>tempus</span> <span class='ocrx_word' id='word_1_12' title='bbox 312 597 457 662; x_wconf 82' lang='lat' dir='ltr'>Basilidis</span> <span class='ocrx_word' id='word_1_13' title='bbox 470 613 595 663; x_wconf 89' lang='lat' dir='ltr'>revocat</span> <span class='ocrx_word' id='word_1_14' title='bbox 608 599 649 663; x_wconf 92' lang='lat' dir='ltr'>ad</span> <span class='ocrx_word' id='word_1_15' title='bbox 664 600 828 687; x_wconf 88' lang='lat' dir='ltr'>imperium</span> <span class='ocrx_word' id='word_1_16' title='bbox 844 598 991 665; x_wconf 88' lang='lat' dir='ltr'>Adriani.</span> <span class='ocrx_word' id='word_1_17' title='bbox 1027 600 1109 665; x_wconf 91' lang='lat' dir='ltr'>Vide</span> <span class='ocrx_word' id='word_1_18' title='bbox 1123 601 1222 666; x_wconf 84' lang='lat' dir='ltr'>etiam</span> 
     </span>
     <span class='ocr_line' id='line_1_4' title="bbox 170 684 1221 762; baseline 0.006 -16"><span class='ocrx_word' id='word_1_19' title='bbox 170 685 229 748; x_wconf 86' lang='lat' dir='ltr'>viri</span> <span class='ocrx_word' id='word_1_20' title='bbox 249 684 418 749; x_wconf 81' lang='lat' dir='ltr'>doctissimi</span> <span class='ocrx_word' id='word_1_21' title='bbox 435 685 551 750; x_wconf 85' lang='lat' dir='ltr'>Renati</span> <span class='ocrx_word' id='word_1_22' title='bbox 572 687 727 750; x_wconf 86' lang='lat' dir='ltr'>Massueti</span> <span class='ocrx_word' id='word_1_23' title='bbox 748 686 978 751; x_wconf 88' lang='lat' dir='ltr'>observationes</span> <span class='ocrx_word' id='word_1_24' title='bbox 996 687 1036 750; x_wconf 91' lang='lat' dir='ltr'>ad</span> <span class='ocrx_word' id='word_1_25' title='bbox 1058 689 1221 762; x_wconf 83' lang='lat' dir='ltr'>Irenaeum</span> 
     </span>
     <span class='ocr_line' id='line_1_5' title="bbox 170 772 1222 861; baseline 0.005 -28"><span class='ocrx_word' id='word_1_26' title='bbox 170 794 244 860; x_wconf 88' lang='lat' dir='ltr'>pag.</span> <span class='ocrx_word' id='word_1_27' title='bbox 255 787 307 856; x_wconf 84' lang='lat'>59.</span> <span class='ocrx_word' id='word_1_28' title='bbox 335 774 364 856; x_wconf 65' lang='grc' dir='ltr'>ξ.</span> <span class='ocrx_word' id='word_1_29' title='bbox 383 791 454 838; x_wconf 80' lang='lat'>112.</span> <span class='ocrx_word' id='word_1_30' title='bbox 500 773 630 858; x_wconf 89' lang='lat' dir='ltr'>Ineptos</span> <span class='ocrx_word' id='word_1_31' title='bbox 652 772 797 836; x_wconf 83' lang='lat' dir='ltr'>Basilidis</span> <span class='ocrx_word' id='word_1_32' title='bbox 818 795 948 850; x_wconf 90' lang='lat' dir='ltr'>errores,</span> <span class='ocrx_word' id='word_1_33' title='bbox 970 795 1051 858; x_wconf 89' lang='lat' dir='ltr'>quos</span> <span class='ocrx_word' id='word_1_34' title='bbox 1072 787 1222 861; x_wconf 83' lang='lat' dir='ltr'>portenta</span> 
     </span>
     <span class='ocr_line' id='line_1_6' title="bbox 170 857 1221 945; baseline 0.001 -23"><span class='ocrx_word' id='word_1_35' title='bbox 170 873 272 932; x_wconf 84' lang='lat' dir='ltr'>vocat,</span> <span class='ocrx_word' id='word_1_36' title='bbox 293 857 431 944; x_wconf 86' lang='lat' dir='ltr'>graviter</span> <span class='ocrx_word' id='word_1_37' title='bbox 451 857 590 945; x_wconf 89' lang='lat' dir='ltr'>exagitat</span> <span class='ocrx_word' id='word_1_38' title='bbox 612 859 733 922; x_wconf 87' lang='lat' dir='ltr'>Hieron</span> <span class='ocrx_word' id='word_1_39' title='bbox 759 882 829 923; x_wconf 91' lang='lat' dir='ltr'>mus</span> <span class='ocrx_word' id='word_1_40' title='bbox 850 859 882 922; x_wconf 93' lang='lat' dir='ltr'>iu</span> <span class='ocrx_word' id='word_1_41' title='bbox 905 858 1065 945; x_wconf 87' lang='lat' dir='ltr'>epitaphio</span> <span class='ocrx_word' id='word_1_42' title='bbox 1090 860 1221 924; x_wconf 90' lang='lat' dir='ltr'>Lucinii</span> 
     </span>
     <span class='ocr_line' id='line_1_7' title="bbox 170 883 1220 1032; baseline 0.001 -23"><span class='ocrx_word' id='word_1_43' title='bbox 170 944 281 1009; x_wconf 74' lang='lat' dir='ltr'>Baetici</span> <span class='ocrx_word' id='word_1_44' title='bbox 297 960 329 1009; x_wconf 92' lang='lat' dir='ltr'>et</span> <span class='ocrx_word' id='word_1_45' title='bbox 347 944 379 1007; x_wconf 94' lang='lat' dir='ltr'>in</span> <span class='ocrx_word' id='word_1_46' title='bbox 400 944 481 1008; x_wconf 90' lang='lat' dir='ltr'>libro</span> <span class='ocrx_word' id='word_1_47' title='bbox 498 945 648 1008; x_wconf 89' lang='lat' dir='ltr'>adversus</span> <span class='ocrx_word' id='word_1_48' title='bbox 664 883 878 1032; x_wconf 81' lang='lat' dir='ltr'>Vigilantium.</span> <span class='ocrx_word' id='word_1_49' title='bbox 923 944 1020 1008; x_wconf 95' lang='lat' dir='ltr'>Illum</span> <span class='ocrx_word' id='word_1_50' title='bbox 1035 945 1120 1009; x_wconf 92' lang='lat' dir='ltr'>idem</span> <span class='ocrx_word' id='word_1_51' title='bbox 1136 947 1220 1010; x_wconf 89' lang='lat' dir='ltr'>Hie-</span> 
     </span>
     <span class='ocr_line' id='line_1_8' title="bbox 169 1030 1220 1119; baseline 0.001 -24"><span class='ocrx_word' id='word_1_52' title='bbox 169 1053 321 1118; x_wconf 89' lang='lat' dir='ltr'>ronymus</span> <span class='ocrx_word' id='word_1_53' title='bbox 345 1030 401 1094; x_wconf 96' lang='lat' dir='ltr'>lib.</span> <span class='ocrx_word' id='word_1_54' title='bbox 425 1032 475 1094; x_wconf 95' lang='lat' dir='ltr'>II.</span> <span class='ocrx_word' id='word_1_55' title='bbox 502 1030 651 1095; x_wconf 88' lang='lat' dir='ltr'>adversus</span> <span class='ocrx_word' id='word_1_56' title='bbox 679 1032 883 1096; x_wconf 84' lang='lat' dir='ltr'>Jovinianum</span> <span class='ocrx_word' id='word_1_57' title='bbox 913 1046 1004 1095; x_wconf 90' lang='lat' dir='ltr'>vocat</span> <span class='ocrx_word' id='word_1_58' title='bbox 1031 1033 1220 1119; x_wconf 79' lang='lat' dir='ltr'>magistrum</span> 
     </span>
     <span class='ocr_line' id='line_1_9' title="bbox 169 1116 1220 1206; baseline 0.003 -25"><span class='ocrx_word' id='word_1_59' title='bbox 169 1116 304 1181; x_wconf 84' lang='lat' dir='ltr'>luxuriae</span> <span class='ocrx_word' id='word_1_60' title='bbox 326 1132 358 1181; x_wconf 89' lang='lat' dir='ltr'>et</span> <span class='ocrx_word' id='word_1_61' title='bbox 384 1117 633 1203; x_wconf 89' lang='lat' dir='ltr'>turpissimorum</span> <span class='ocrx_word' id='word_1_62' title='bbox 656 1118 889 1205; x_wconf 86' lang='lat' dir='ltr'><strong>complexuum,</strong></span> <span class='ocrx_word' id='word_1_63' title='bbox 911 1131 943 1182; x_wconf 92' lang='lat' dir='ltr'>et</span> <span class='ocrx_word' id='word_1_64' title='bbox 967 1117 1001 1181; x_wconf 93' lang='lat' dir='ltr'>in</span> <span class='ocrx_word' id='word_1_65' title='bbox 1023 1118 1155 1206; x_wconf 91' lang='lat' dir='ltr'>epistola</span> <span class='ocrx_word' id='word_1_66' title='bbox 1177 1119 1220 1184; x_wconf 93' lang='lat' dir='ltr'>ad</span> 
     </span>
     <span class='ocr_line' id='line_1_10' title="bbox 170 1202 1219 1302; baseline 0.004 -36"><span class='ocrx_word' id='word_1_67' title='bbox 170 1203 408 1302; x_wconf 88' lang='lat' dir='ltr'>Ctesiphontem</span> <span class='ocrx_word' id='word_1_68' title='bbox 422 1203 572 1268; x_wconf 87' lang='lat' dir='ltr'>adversus</span> <span class='ocrx_word' id='word_1_69' title='bbox 587 1202 770 1290; x_wconf 84' lang='lat' dir='ltr'>Pelagianos</span> <span class='ocrx_word' id='word_1_70' title='bbox 784 1219 1006 1268; x_wconf 83' lang='lat' dir='ltr'>commemorat</span> <span class='ocrx_word' id='word_1_71' title='bbox 1024 1204 1219 1291; x_wconf 85' lang='lat' dir='ltr'>impietatem</span> 
     </span>
     <span class='ocr_line' id='line_1_11' title="bbox 168 1289 1220 1376; baseline 0.003 -22"><span class='ocrx_word' id='word_1_72' title='bbox 168 1289 324 1354; x_wconf 90' lang='lat' dir='ltr'>Basihdis.</span> <span class='ocrx_word' id='word_1_73' title='bbox 352 1291 482 1355; x_wconf 75' lang='lat' dir='ltr'>Batuz.</span> <span class='ocrx_word' id='word_1_74' title='bbox 529 1289 650 1354; x_wconf 91' lang='lat' dir='ltr'>Videsis</span> <span class='ocrx_word' id='word_1_75' title='bbox 663 1314 736 1376; x_wconf 86' lang='lat' dir='ltr'>quae</span> <span class='ocrx_word' id='word_1_76' title='bbox 750 1292 790 1355; x_wconf 95' lang='lat' dir='ltr'>de</span> <span class='ocrx_word' id='word_1_77' title='bbox 806 1291 853 1354; x_wconf 92' lang='lat' dir='ltr'>his</span> <span class='ocrx_word' id='word_1_78' title='bbox 868 1289 1043 1355; x_wconf 90' lang='lat' dir='ltr'>Firmiliani</span> <span class='ocrx_word' id='word_1_79' title='bbox 1057 1291 1161 1356; x_wconf 87' lang='lat' dir='ltr'>verbis</span> <span class='ocrx_word' id='word_1_80' title='bbox 1176 1292 1220 1357; x_wconf 87' lang='lat' dir='ltr'>ad</span> 
     </span>
     <span class='ocr_line' id='line_1_12' title="bbox 168 1376 1218 1476; baseline 0.002 -36"><span class='ocrx_word' id='word_1_81' title='bbox 168 1376 346 1476; x_wconf 87' lang='lat' dir='ltr'>Hegesippi</span> <span class='ocrx_word' id='word_1_82' title='bbox 369 1378 561 1463; x_wconf 86' lang='lat' dir='ltr'>Fragmenta</span> <span class='ocrx_word' id='word_1_83' title='bbox 582 1377 669 1463; x_wconf 89' lang='lat' dir='ltr'>apud</span> <span class='ocrx_word' id='word_1_84' title='bbox 683 1378 850 1465; x_wconf 77' lang='lat' dir='ltr'>Reliquias</span> <span class='ocrx_word' id='word_1_85' title='bbox 865 1379 959 1442; x_wconf 87' lang='lat' dir='ltr'>Sacr.</span> <span class='ocrx_word' id='word_1_86' title='bbox 979 1401 1034 1464; x_wconf 90' lang='lat' dir='ltr'>pp.</span> <span class='ocrx_word' id='word_1_87' title='bbox 1049 1395 1122 1463; x_wconf 79' lang='lat'><strong>234.</strong></span> <span class='ocrx_word' id='word_1_88' title='bbox 1142 1397 1182 1464; x_wconf 81' lang='lat'>23</span> <span class='ocrx_word' id='word_1_89' title='bbox 1185 1395 1218 1464; x_wconf 85' lang='lat'>5.</span> 
     </span>
     <span class='ocr_line' id='line_1_13' title="bbox 168 1476 325 1527; baseline 0.013 -2"><span class='ocrx_word' id='word_1_90' title='bbox 168 1476 325 1527; x_wconf 79' lang='lat' dir='ltr'>annotavi.</span> 
     </span>
    </p>

    <p class='ocr_par' dir='ltr' id='par_1_3' title="bbox 167 1548 1219 1807">
     <span class='ocr_line' id='line_1_14' title="bbox 212 1548 1219 1636; baseline 0.003 -23"><span class='ocrx_word' id='word_1_91' title='bbox 212 1550 251 1613; x_wconf 92' lang='lat' dir='ltr'>P.</span> <span class='ocrx_word' id='word_1_92' title='bbox 265 1565 337 1634; x_wconf 81' lang='lat'><strong>225.</strong></span> <span class='ocrx_word' id='word_1_93' title='bbox 354 1549 373 1612; x_wconf 93' lang='lat' dir='ltr'>l.</span> <span class='ocrx_word' id='word_1_94' title='bbox 390 1569 440 1634; x_wconf 85' lang='lat'>13.</span> <span class='ocrx_word' id='word_1_95' title='bbox 463 1549 602 1613; x_wconf 91' lang='lat' dir='ltr'>locorum</span> <span class='ocrx_word' id='word_1_96' title='bbox 618 1564 649 1614; x_wconf 93' lang='lat' dir='ltr'>et</span> <span class='ocrx_word' id='word_1_97' title='bbox 669 1548 830 1614; x_wconf 89' lang='lat' dir='ltr'>nominum</span> <span class='ocrx_word' id='word_1_98' title='bbox 852 1549 1043 1636; x_wconf 87' lang='lat' dir='ltr'>diversitate]</span> <span class='ocrx_word' id='word_1_99' title='bbox 1064 1551 1219 1629; x_wconf 84' lang='lat' dir='ltr'>Quamvis</span> 
     </span>
     <span class='ocr_line' id='line_1_15' title="bbox 167 1633 1218 1724; baseline 0.007 -27"><span class='ocrx_word' id='word_1_100' title='bbox 167 1633 236 1698; x_wconf 84' lang='lat' dir='ltr'>haec</span> <span class='ocrx_word' id='word_1_101' title='bbox 257 1634 350 1700; x_wconf 87' lang='lat' dir='ltr'>lectio</span> <span class='ocrx_word' id='word_1_102' title='bbox 370 1650 514 1699; x_wconf 86' lang='lat' dir='ltr'>constans</span> <span class='ocrx_word' id='word_1_103' title='bbox 536 1635 576 1699; x_wconf 91' lang='lat' dir='ltr'>sit</span> <span class='ocrx_word' id='word_1_104' title='bbox 597 1636 629 1698; x_wconf 95' lang='lat' dir='ltr'>in</span> <span class='ocrx_word' id='word_1_105' title='bbox 652 1636 797 1700; x_wconf 89' lang='lat' dir='ltr'>omnibus</span> <span class='ocrx_word' id='word_1_106' title='bbox 818 1636 955 1722; x_wconf 90' lang='lat' dir='ltr'>antiquis</span> <span class='ocrx_word' id='word_1_107' title='bbox 974 1637 1218 1724; x_wconf 61' lang='lat' dir='ltr'>exemplaribus</span> 
     </span>
     <span class='ocr_line' id='line_1_16' title="bbox 167 1720 973 1807; baseline 0.004 -23"><span class='ocrx_word' id='word_1_108' title='bbox 167 1735 248 1806; x_wconf 93' lang='lat' dir='ltr'>puto</span> <span class='ocrx_word' id='word_1_109' title='bbox 263 1736 366 1784; x_wconf 88' lang='lat' dir='ltr'>tamen</span> <span class='ocrx_word' id='word_1_110' title='bbox 381 1720 549 1807; x_wconf 88' lang='lat' dir='ltr'>legendum</span> <span class='ocrx_word' id='word_1_111' title='bbox 565 1745 630 1786; x_wconf 90' lang='lat' dir='ltr'>esse</span> <span class='ocrx_word' id='word_1_112' title='bbox 644 1723 814 1787; x_wconf 81' lang='lat' dir='ltr'>hominum.</span> <span class='ocrx_word' id='word_1_113' title='bbox 845 1724 973 1787; x_wconf 75' lang='lat' dir='ltr'>Batuz.</span> 
     </span>
    </p>

    <p class='ocr_par' dir='ltr' id='par_1_4' title="bbox 163 1806 1218 3079">
     <span class='ocr_line' id='line_1_17' title="bbox 212 1806 1218 1896; baseline 0.007 -27"><span class='ocrx_word' id='word_1_114' title='bbox 212 1806 298 1870; x_wconf 91' lang='lat' dir='ltr'>Ibid.</span> <span class='ocrx_word' id='word_1_115' title='bbox 313 1807 333 1872; x_wconf 90' lang='lat' dir='ltr'>l.</span> <span class='ocrx_word' id='word_1_116' title='bbox 351 1825 401 1887; x_wconf 90' lang='lat'>14.</span> <span class='ocrx_word' id='word_1_117' title='bbox 426 1829 483 1870; x_wconf 92' lang='lat' dir='ltr'>nec</span> <span class='ocrx_word' id='word_1_118' title='bbox 498 1822 601 1871; x_wconf 89' lang='lat' dir='ltr'>tamen</span> <span class='ocrx_word' id='word_1_119' title='bbox 616 1825 745 1896; x_wconf 91' lang='lat' dir='ltr'>propter</span> <span class='ocrx_word' id='word_1_120' title='bbox 759 1810 819 1874; x_wconf 91' lang='lat' dir='ltr'>hoc</span> <span class='ocrx_word' id='word_1_121' title='bbox 838 1811 879 1874; x_wconf 90' lang='lat' dir='ltr'>ab</span> <span class='ocrx_word' id='word_1_122' title='bbox 898 1810 1034 1874; x_wconf 86' lang='lat' dir='ltr'>ecclesiae</span> <span class='ocrx_word' id='word_1_123' title='bbox 1054 1809 1218 1876; x_wconf 85' lang='lat' dir='ltr'>catholicae</span> 
     </span>
     <span class='ocr_line' id='line_1_18' title="bbox 166 1892 1218 1981; baseline 0.006 -25"><span class='ocrx_word' id='word_1_124' title='bbox 166 1915 244 1980; x_wconf 90' lang='lat' dir='ltr'>pace</span> <span class='ocrx_word' id='word_1_125' title='bbox 265 1907 360 1979; x_wconf 89' lang='lat' dir='ltr'>atque</span> <span class='ocrx_word' id='word_1_126' title='bbox 383 1892 502 1956; x_wconf 87' lang='lat' dir='ltr'>unitate</span> <span class='ocrx_word' id='word_1_127' title='bbox 523 1893 693 1980; x_wconf 89' lang='lat' dir='ltr'>ahquando</span> <span class='ocrx_word' id='word_1_128' title='bbox 715 1896 883 1960; x_wconf 90' lang='lat' dir='ltr'>discessum</span> <span class='ocrx_word' id='word_1_129' title='bbox 905 1898 965 1981; x_wconf 92' lang='lat' dir='ltr'>est]</span> <span class='ocrx_word' id='word_1_130' title='bbox 990 1896 1050 1961; x_wconf 90' lang='lat' dir='ltr'>Ait</span> <span class='ocrx_word' id='word_1_131' title='bbox 1071 1896 1109 1961; x_wconf 91' lang='lat' dir='ltr'>cl.</span> <span class='ocrx_word' id='word_1_132' title='bbox 1130 1899 1218 1962; x_wconf 93' lang='lat' dir='ltr'>Cou-</span> 
     </span>
     <span class='ocr_line' id='line_1_19' title="bbox 167 1978 1216 2071; baseline 0.005 -28"><span class='ocrx_word' id='word_1_133' title='bbox 167 1978 299 2043; x_wconf 89' lang='lat' dir='ltr'>stantius</span> <span class='ocrx_word' id='word_1_134' title='bbox 319 1978 493 2042; x_wconf 90' lang='lat' dir='ltr'>Firmiliani</span> <span class='ocrx_word' id='word_1_135' title='bbox 507 1980 604 2043; x_wconf 88' lang='lat' dir='ltr'>verba</span> <span class='ocrx_word' id='word_1_136' title='bbox 620 1983 751 2046; x_wconf 89' lang='lat' dir='ltr'>afferens</span> <span class='ocrx_word' id='word_1_137' title='bbox 765 1983 798 2047; x_wconf 91' lang='lat' dir='ltr'>in</span> <span class='ocrx_word' id='word_1_138' title='bbox 813 1998 888 2046; x_wconf 92' lang='lat' dir='ltr'>nota</span> <span class='ocrx_word' id='word_1_139' title='bbox 901 1982 942 2046; x_wconf 89' lang='lat' dir='ltr'>ad</span> <span class='ocrx_word' id='word_1_140' title='bbox 959 1985 990 2046; x_wconf 88' lang='lat' dir='ltr'>S.</span> <span class='ocrx_word' id='word_1_141' title='bbox 1004 1982 1117 2046; x_wconf 88' lang='lat' dir='ltr'>Irenaei</span> <span class='ocrx_word' id='word_1_142' title='bbox 1133 1984 1216 2071; x_wconf 90' lang='lat' dir='ltr'>Epi-</span> 
     </span>
     <span class='ocr_line' id='line_1_20' title="bbox 167 2064 1218 2156; baseline 0.003 -26"><span class='ocrx_word' id='word_1_143' title='bbox 167 2064 277 2130; x_wconf 87' lang='lat' dir='ltr'>stolam</span> <span class='ocrx_word' id='word_1_144' title='bbox 293 2065 334 2130; x_wconf 90' lang='lat' dir='ltr'>ad</span> <span class='ocrx_word' id='word_1_145' title='bbox 349 2067 529 2129; x_wconf 88' lang='lat' dir='ltr'>Romanum</span> <span class='ocrx_word' id='word_1_146' title='bbox 545 2066 724 2156; x_wconf 90' lang='lat' dir='ltr'>episcopum</span> <span class='ocrx_word' id='word_1_147' title='bbox 740 2069 910 2147; x_wconf 87' lang='lat' dir='ltr'>Victorem,</span> <span class='ocrx_word' id='word_1_148' title='bbox 925 2069 982 2155; x_wconf 91' lang='lat' dir='ltr'>qui</span> <span class='ocrx_word' id='word_1_149' title='bbox 996 2070 1132 2133; x_wconf 85' lang='lat' dir='ltr'>Asianos</span> <span class='ocrx_word' id='word_1_150' title='bbox 1146 2094 1218 2156; x_wconf 89' lang='lat' dir='ltr'>pas-</span> 
     </span>
     <span class='ocr_line' id='line_1_21' title="bbox 165 2151 1218 2242; baseline 0.005 -26"><span class='ocrx_word' id='word_1_151' title='bbox 165 2151 257 2216; x_wconf 87' lang='lat' dir='ltr'>cham</span> <span class='ocrx_word' id='word_1_152' title='bbox 273 2152 324 2217; x_wconf 92' lang='lat' dir='ltr'>die</span> <span class='ocrx_word' id='word_1_153' title='bbox 341 2172 381 2234; x_wconf 93' lang='lat'>14</span> <span class='ocrx_word' id='word_1_154' title='bbox 394 2152 508 2216; x_wconf 89' lang='lat' dir='ltr'>mensis</span> <span class='ocrx_word' id='word_1_155' title='bbox 522 2152 713 2220; x_wconf 89' lang='lat' dir='ltr'>celebrantes</span> <span class='ocrx_word' id='word_1_156' title='bbox 728 2155 769 2220; x_wconf 96' lang='lat' dir='ltr'>ab</span> <span class='ocrx_word' id='word_1_157' title='bbox 788 2154 914 2219; x_wconf 86' lang='lat' dir='ltr'>ecclesia</span> <span class='ocrx_word' id='word_1_158' title='bbox 929 2178 1071 2242; x_wconf 89' lang='lat' dir='ltr'>separare</span> <span class='ocrx_word' id='word_1_159' title='bbox 1085 2169 1218 2221; x_wconf 87' lang='lat' dir='ltr'>conatus</span> 
     </span>
     <span class='ocr_line' id='line_1_22' title="bbox 165 2237 1217 2328; baseline 0.004 -26"><span class='ocrx_word' id='word_1_160' title='bbox 165 2238 281 2315; x_wconf 87' lang='lat' dir='ltr'>fuerat,</span> <span class='ocrx_word' id='word_1_161' title='bbox 298 2248 321 2278; x_wconf 75' lang='lat'>‘⁴</span> <span class='ocrx_word' id='word_1_162' title='bbox 334 2237 495 2317; x_wconf 76' lang='lat' dir='ltr'>Calentes,</span> <span class='ocrx_word' id='word_1_163' title='bbox 511 2239 630 2327; x_wconf 91' lang='lat' dir='ltr'>quippe</span> <span class='ocrx_word' id='word_1_164' title='bbox 649 2265 724 2327; x_wconf 90' lang='lat' dir='ltr'>qua,</span> <span class='ocrx_word' id='word_1_165' title='bbox 744 2255 780 2305; x_wconf 91' lang='lat' dir='ltr'>ut</span> <span class='ocrx_word' id='word_1_166' title='bbox 801 2241 926 2306; x_wconf 90' lang='lat' dir='ltr'>credere</span> <span class='ocrx_word' id='word_1_167' title='bbox 942 2254 1001 2320; x_wconf 89' lang='lat' dir='ltr'>est,</span> <span class='ocrx_word' id='word_1_168' title='bbox 1016 2264 1079 2328; x_wconf 87' lang='lat' dir='ltr'>pax</span> <span class='ocrx_word' id='word_1_169' title='bbox 1093 2240 1135 2305; x_wconf 90' lang='lat' dir='ltr'>ad</span> <span class='ocrx_word' id='word_1_170' title='bbox 1150 2265 1217 2306; x_wconf 91' lang='lat' dir='ltr'>mo-</span> 
     </span>
     <span class='ocr_line' id='line_1_23' title="bbox 167 2323 1216 2415; baseline 0.004 -27"><span class='ocrx_word' id='word_1_171' title='bbox 167 2331 190 2364; x_wconf 90' lang='lat'><strong>“</strong></span> <span class='ocrx_word' id='word_1_172' title='bbox 204 2324 311 2389; x_wconf 89' lang='lat' dir='ltr'>dicum</span> <span class='ocrx_word' id='word_1_173' title='bbox 341 2323 559 2404; x_wconf 90' lang='lat' dir='ltr'>interturbata,</span> <span class='ocrx_word' id='word_1_174' title='bbox 585 2326 618 2389; x_wconf 93' lang='lat' dir='ltr'>in</span> <span class='ocrx_word' id='word_1_175' title='bbox 647 2327 804 2415; x_wconf 88' lang='lat' dir='ltr'>integrum</span> <span class='ocrx_word' id='word_1_176' title='bbox 830 2327 975 2392; x_wconf 86' lang='lat' dir='ltr'>restituta</span> <span class='ocrx_word' id='word_1_177' title='bbox 1000 2342 1057 2405; x_wconf 91' lang='lat' dir='ltr'>est,</span> <span class='ocrx_word' id='word_1_178' title='bbox 1085 2327 1216 2392; x_wconf 90' lang='lat' dir='ltr'>unitatis</span> 
     </span>
     <span class='ocr_line' id='line_1_24' title="bbox 166 2411 1217 2501; baseline 0.004 -26"><span class='ocrx_word' id='word_1_179' title='bbox 166 2418 190 2451; x_wconf 89' lang='lat'><strong>“</strong></span> <span class='ocrx_word' id='word_1_180' title='bbox 205 2425 308 2498; x_wconf 87' lang='lat' dir='ltr'>ruptae</span> <span class='ocrx_word' id='word_1_181' title='bbox 326 2411 515 2476; x_wconf 87' lang='lat' dir='ltr'>oblivionem</span> <span class='ocrx_word' id='word_1_182' title='bbox 535 2412 579 2476; x_wconf 86' lang='lat' dir='ltr'>ita</span> <span class='ocrx_word' id='word_1_183' title='bbox 598 2415 731 2501; x_wconf 86' lang='lat' dir='ltr'>peperit,</span> <span class='ocrx_word' id='word_1_184' title='bbox 746 2429 782 2479; x_wconf 94' lang='lat' dir='ltr'>ut</span> <span class='ocrx_word' id='word_1_185' title='bbox 800 2414 840 2478; x_wconf 90' lang='lat' dir='ltr'>ab</span> <span class='ocrx_word' id='word_1_186' title='bbox 859 2437 895 2478; x_wconf 90' lang='lat' dir='ltr'>ea</span> <span class='ocrx_word' id='word_1_187' title='bbox 914 2413 1085 2501; x_wconf 89' lang='lat' dir='ltr'>aliquando</span> <span class='ocrx_word' id='word_1_188' title='bbox 1103 2414 1217 2479; x_wconf 88' lang='lat' dir='ltr'>disces-</span> 
     </span>
     <span class='ocr_line' id='line_1_25' title="bbox 167 2498 1213 2588; baseline 0.004 -26"><span class='ocrx_word' id='word_1_189' title='bbox 167 2504 190 2537; x_wconf 89' lang='lat'>“</span> <span class='ocrx_word' id='word_1_190' title='bbox 205 2522 274 2562; x_wconf 91' lang='lat' dir='ltr'>sum</span> <span class='ocrx_word' id='word_1_191' title='bbox 297 2521 362 2562; x_wconf 90' lang='lat' dir='ltr'>esse</span> <span class='ocrx_word' id='word_1_192' title='bbox 383 2498 534 2586; x_wconf 88' lang='lat' dir='ltr'>Cypriani</span> <span class='ocrx_word' id='word_1_193' title='bbox 557 2513 649 2564; x_wconf 84' lang='lat' dir='ltr'>aetate</span> <span class='ocrx_word' id='word_1_194' title='bbox 670 2524 710 2565; x_wconf 92' lang='lat' dir='ltr'>ne</span> <span class='ocrx_word' id='word_1_195' title='bbox 730 2500 919 2565; x_wconf 89' lang='lat' dir='ltr'>recoleretur</span> <span class='ocrx_word' id='word_1_196' title='bbox 940 2501 1097 2588; x_wconf 83' lang='lat' dir='ltr'>quidem.&#39;&#39;</span> <span class='ocrx_word' id='word_1_197' title='bbox 1119 2502 1213 2566; x_wconf 85' lang='lat' dir='ltr'>Rom.</span> 
     </span>
     <span class='ocr_line' id='line_1_26' title="bbox 166 2585 1217 2684; baseline 0.004 -36"><span class='ocrx_word' id='word_1_198' title='bbox 166 2585 290 2671; x_wconf 80' lang='lat' dir='ltr'>Poatif</span> <span class='ocrx_word' id='word_1_199' title='bbox 309 2587 464 2672; x_wconf 73' lang='lat' dir='ltr'>Epistola</span> <span class='ocrx_word' id='word_1_200' title='bbox 477 2609 510 2684; x_wconf 88' lang='lat' dir='ltr'>p.</span> <span class='ocrx_word' id='word_1_201' title='bbox 525 2607 577 2671; x_wconf 92' lang='lat'>99.</span> <span class='ocrx_word' id='word_1_202' title='bbox 623 2587 801 2665; x_wconf 84' lang='lat' dir='ltr'>Quinetiam</span> <span class='ocrx_word' id='word_1_203' title='bbox 823 2599 955 2650; x_wconf 90' lang='lat' dir='ltr'>testatus</span> <span class='ocrx_word' id='word_1_204' title='bbox 976 2599 1023 2650; x_wconf 89' lang='lat' dir='ltr'>est</span> <span class='ocrx_word' id='word_1_205' title='bbox 1044 2587 1217 2652; x_wconf 88' lang='lat' dir='ltr'>Anatolius</span> 
     </span>
     <span class='ocr_line' id='line_1_27' title="bbox 165 2671 1217 2758; baseline 0.003 -24"><span class='ocrx_word' id='word_1_206' title='bbox 165 2671 376 2750; x_wconf 78' lang='lat' dir='ltr'>Laodiceam,</span> <span class='ocrx_word' id='word_1_207' title='bbox 391 2671 418 2735; x_wconf 92' lang='lat' dir='ltr'>is</span> <span class='ocrx_word' id='word_1_208' title='bbox 432 2695 488 2758; x_wconf 83' lang='lat' dir='ltr'>qur</span> <span class='ocrx_word' id='word_1_209' title='bbox 502 2687 575 2737; x_wconf 90' lang='lat' dir='ltr'>ante</span> <span class='ocrx_word' id='word_1_210' title='bbox 589 2673 755 2738; x_wconf 89' lang='lat' dir='ltr'>concilium</span> <span class='ocrx_word' id='word_1_211' title='bbox 769 2673 876 2736; x_wconf 90' lang='lat' dir='ltr'>floruit</span> <span class='ocrx_word' id='word_1_212' title='bbox 896 2675 928 2736; x_wconf 95' lang='lat' dir='ltr'>N</span> <span class='ocrx_word' id='word_1_213' title='bbox 930 2673 1074 2751; x_wconf 84' lang='lat' dir='ltr'>icaenum,</span> <span class='ocrx_word' id='word_1_214' title='bbox 1088 2687 1217 2737; x_wconf 91' lang='lat' dir='ltr'>conten-</span> 
     </span>
     <span class='ocr_line' id='line_1_28' title="bbox 165 2756 1216 2847; baseline 0.004 -27"><span class='ocrx_word' id='word_1_215' title='bbox 165 2756 280 2821; x_wconf 90' lang='lat' dir='ltr'>tionem</span> <span class='ocrx_word' id='word_1_216' title='bbox 295 2757 386 2821; x_wconf 89' lang='lat' dir='ltr'>istam</span> <span class='ocrx_word' id='word_1_217' title='bbox 406 2758 446 2822; x_wconf 89' lang='lat' dir='ltr'>de</span> <span class='ocrx_word' id='word_1_218' title='bbox 463 2758 609 2845; x_wconf 89' lang='lat' dir='ltr'>paschate</span> <span class='ocrx_word' id='word_1_219' title='bbox 631 2774 771 2824; x_wconf 87' lang='lat' dir='ltr'>exortam</span> <span class='ocrx_word' id='word_1_220' title='bbox 786 2760 827 2823; x_wconf 89' lang='lat' dir='ltr'>ab</span> <span class='ocrx_word' id='word_1_221' title='bbox 842 2760 965 2824; x_wconf 87' lang='lat' dir='ltr'>Irenaeo</span> <span class='ocrx_word' id='word_1_222' title='bbox 980 2775 1120 2847; x_wconf 88' lang='lat' dir='ltr'>pacatam</span> <span class='ocrx_word' id='word_1_223' title='bbox 1136 2783 1216 2839; x_wconf 89' lang='lat' dir='ltr'>esse,</span> 
     </span>
     <span class='ocr_line' id='line_1_29' title="bbox 164 2843 1214 2932; baseline 0.005 -26"><span class='ocrx_word' id='word_1_224' title='bbox 164 2847 308 2929; x_wconf 83' lang='lat' dir='ltr'>atriaque</span> <span class='ocrx_word' id='word_1_225' title='bbox 330 2846 488 2929; x_wconf 80' lang='lat' dir='ltr'>partibas,</span> <span class='ocrx_word' id='word_1_226' title='bbox 512 2843 627 2929; x_wconf 91' lang='lat' dir='ltr'>inquit,</span> <span class='ocrx_word' id='word_1_227' title='bbox 649 2848 686 2908; x_wconf 87' lang='lat' dir='ltr'>ia</span> <span class='ocrx_word' id='word_1_228' title='bbox 706 2867 768 2910; x_wconf 80' lang='lat' dir='ltr'>aaa</span> <span class='ocrx_word' id='word_1_229' title='bbox 790 2846 906 2931; x_wconf 75' lang='lat' dir='ltr'>regala</span> <span class='ocrx_word' id='word_1_230' title='bbox 923 2847 1214 2932; x_wconf 78' lang='lat' dir='ltr'>perseverantibus,</span> 
     </span>
     <span class='ocr_line' id='line_1_30' title="bbox 163 2932 1216 3017; baseline 0.006 -27"><span class='ocrx_word' id='word_1_231' title='bbox 163 2949 220 2991; x_wconf 86' lang='lat' dir='ltr'>aec</span> <span class='ocrx_word' id='word_1_232' title='bbox 234 2950 255 2990; x_wconf 91' lang='lat' dir='ltr'>a</span> <span class='ocrx_word' id='word_1_233' title='bbox 269 2938 366 3014; x_wconf 82' lang='lat' dir='ltr'>coepto</span> <span class='ocrx_word' id='word_1_234' title='bbox 380 2932 582 3017; x_wconf 72' lang='lat' dir='ltr'>antiquitatis</span> <span class='ocrx_word' id='word_1_235' title='bbox 601 2953 685 2996; x_wconf 82' lang='lat' dir='ltr'>mare</span> <span class='ocrx_word' id='word_1_236' title='bbox 703 2933 945 2997; x_wconf 78' lang='lat' dir='ltr'>declinantibus.</span> <span class='ocrx_word' id='word_1_237' title='bbox 975 2932 1056 2997; x_wconf 90' lang='lat' dir='ltr'>Vide</span> <span class='ocrx_word' id='word_1_238' title='bbox 1070 2932 1216 2996; x_wconf 90' lang='lat' dir='ltr'>Anatolii</span> 
     </span>
     <span class='ocr_line' id='line_1_31' title="bbox 164 3012 598 3079; baseline 0.005 -3"><span class='ocrx_word' id='word_1_239' title='bbox 164 3012 267 3077; x_wconf 92' lang='lat' dir='ltr'>locum</span> <span class='ocrx_word' id='word_1_240' title='bbox 283 3014 399 3077; x_wconf 89' lang='lat' dir='ltr'>ibidem</span> <span class='ocrx_word' id='word_1_241' title='bbox 415 3015 598 3079; x_wconf 90' lang='lat' dir='ltr'>adductum.</span> 
     </span>
    </p>

    <p class='ocr_par' dir='ltr' id='par_1_5' title="bbox 163 3100 1216 3620">
     <span class='ocr_line' id='line_1_32' title="bbox 213 3100 1216 3190; baseline 0.003 -25"><span class='ocrx_word' id='word_1_242' title='bbox 213 3100 296 3165; x_wconf 92' lang='lat' dir='ltr'>Ibid.</span> <span class='ocrx_word' id='word_1_243' title='bbox 322 3100 345 3165; x_wconf 96' lang='lat' dir='ltr'>l.</span> <span class='ocrx_word' id='word_1_244' title='bbox 368 3121 418 3185; x_wconf 88' lang='grc'><strong>29.</strong></span> <span class='ocrx_word' id='word_1_245' title='bbox 447 3103 637 3166; x_wconf 82' lang='lat' dir='ltr'>alterutrum</span> <span class='ocrx_word' id='word_1_246' title='bbox 661 3103 704 3165; x_wconf 90' lang='lat' dir='ltr'>ad</span> <span class='ocrx_word' id='word_1_247' title='bbox 726 3125 759 3167; x_wconf 82' lang='lat' dir='ltr'>se</span> <span class='ocrx_word' id='word_1_248' title='bbox 784 3106 954 3189; x_wconf 80' lang='lat' dir='ltr'>venientes]</span> <span class='ocrx_word' id='word_1_249' title='bbox 980 3104 1035 3167; x_wconf 92' lang='lat' dir='ltr'>Ad</span> <span class='ocrx_word' id='word_1_250' title='bbox 1062 3102 1216 3190; x_wconf 87' lang='lat' dir='ltr'>Cypriani</span> 
     </span>
     <span class='ocr_line' id='line_1_33' title="bbox 165 3188 1213 3277; baseline 0.001 -25"><span class='ocrx_word' id='word_1_251' title='bbox 165 3188 346 3275; x_wconf 80' lang='lat' dir='ltr'>Epistolala</span> <span class='ocrx_word' id='word_1_252' title='bbox 367 3189 410 3252; x_wconf 90' lang='lat' dir='ltr'>ad</span> <span class='ocrx_word' id='word_1_253' title='bbox 431 3189 627 3274; x_wconf 82' lang='lat' dir='ltr'>Pompeiam,</span> <span class='ocrx_word' id='word_1_254' title='bbox 652 3188 706 3251; x_wconf 90' lang='lat' dir='ltr'>ubi</span> <span class='ocrx_word' id='word_1_255' title='bbox 730 3190 881 3277; x_wconf 87' lang='lat' dir='ltr'>Stephani</span> <span class='ocrx_word' id='word_1_256' title='bbox 901 3190 999 3254; x_wconf 87' lang='lat' dir='ltr'>verba</span> <span class='ocrx_word' id='word_1_257' title='bbox 1019 3189 1124 3253; x_wconf 92' lang='lat' dir='ltr'>adhuc</span> <span class='ocrx_word' id='word_1_258' title='bbox 1144 3188 1213 3276; x_wconf 91' lang='lat' dir='ltr'>ple-</span> 
     </span>
     <span class='ocr_line' id='line_1_34' title="bbox 163 3274 1214 3363; baseline 0.003 -26"><span class='ocrx_word' id='word_1_259' title='bbox 163 3274 252 3339; x_wconf 90' lang='lat' dir='ltr'>niora</span> <span class='ocrx_word' id='word_1_260' title='bbox 269 3275 454 3353; x_wconf 86' lang='lat' dir='ltr'>afferuntur,</span> <span class='ocrx_word' id='word_1_261' title='bbox 472 3275 532 3338; x_wconf 94' lang='lat' dir='ltr'>hoc</span> <span class='ocrx_word' id='word_1_262' title='bbox 554 3274 715 3340; x_wconf 84' lang='lat' dir='ltr'>annotavit</span> <span class='ocrx_word' id='word_1_263' title='bbox 737 3275 906 3363; x_wconf 88' lang='lat' dir='ltr'>Rigaltius,</span> <span class='ocrx_word' id='word_1_264' title='bbox 924 3285 946 3315; x_wconf 93' lang='lat'><strong>“</strong></span> <span class='ocrx_word' id='word_1_265' title='bbox 959 3274 1146 3340; x_wconf 86' lang='lat' dir='ltr'>Rectissima</span> <span class='ocrx_word' id='word_1_266' title='bbox 1165 3293 1214 3340; x_wconf 91' lang='lat' dir='ltr'>est</span> 
     </span>
     <span class='ocr_line' id='line_1_35' title="bbox 164 3360 1213 3449; baseline 0 -24"><span class='ocrx_word' id='word_1_267' title='bbox 164 3367 188 3400; x_wconf 82' lang='lat'>‘⁴</span> <span class='ocrx_word' id='word_1_268' title='bbox 203 3360 271 3426; x_wconf 86' lang='lat' dir='ltr'>haec</span> <span class='ocrx_word' id='word_1_269' title='bbox 294 3362 458 3449; x_wconf 88' lang='lat' dir='ltr'>scriptura.</span> <span class='ocrx_word' id='word_1_270' title='bbox 503 3363 578 3426; x_wconf 92' lang='lat' dir='ltr'>Hoc</span> <span class='ocrx_word' id='word_1_271' title='bbox 601 3374 658 3440; x_wconf 91' lang='lat' dir='ltr'>est,</span> <span class='ocrx_word' id='word_1_272' title='bbox 681 3385 785 3448; x_wconf 89' lang='lat' dir='ltr'>neque</span> <span class='ocrx_word' id='word_1_273' title='bbox 806 3362 980 3426; x_wconf 90' lang='lat' dir='ltr'>venientem</span> <span class='ocrx_word' id='word_1_274' title='bbox 1007 3385 1027 3425; x_wconf 92' lang='lat' dir='ltr'>a</span> <span class='ocrx_word' id='word_1_275' title='bbox 1051 3361 1213 3425; x_wconf 90' lang='lat' dir='ltr'>Marcione</span> 
     </span>
     <span class='ocr_line' id='line_1_36' title="bbox 166 3446 1213 3535; baseline 0.003 -26"><span class='ocrx_word' id='word_1_276' title='bbox 166 3452 189 3486; x_wconf 90' lang='lat'><strong>“</strong></span> <span class='ocrx_word' id='word_1_277' title='bbox 204 3446 345 3533; x_wconf 88' lang='lat' dir='ltr'>baptizat</span> <span class='ocrx_word' id='word_1_278' title='bbox 361 3451 547 3525; x_wconf 92' lang='lat' dir='ltr'>Montanus,</span> <span class='ocrx_word' id='word_1_279' title='bbox 563 3471 666 3535; x_wconf 91' lang='lat' dir='ltr'>neque</span> <span class='ocrx_word' id='word_1_280' title='bbox 680 3448 855 3513; x_wconf 88' lang='lat' dir='ltr'>venientem</span> <span class='ocrx_word' id='word_1_281' title='bbox 869 3472 889 3512; x_wconf 93' lang='lat' dir='ltr'>a</span> <span class='ocrx_word' id='word_1_282' title='bbox 903 3451 1060 3513; x_wconf 93' lang='lat' dir='ltr'>Montano</span> <span class='ocrx_word' id='word_1_283' title='bbox 1074 3447 1213 3534; x_wconf 87' lang='lat' dir='ltr'>baptizat</span> 
     </span>
     <span class='ocr_line' id='line_1_37' title="bbox 165 3533 1187 3620; baseline 0.001 -24"><span class='ocrx_word' id='word_1_284' title='bbox 165 3537 187 3570; x_wconf 92' lang='lat'><strong>“</strong></span> <span class='ocrx_word' id='word_1_285' title='bbox 203 3533 359 3596; x_wconf 89' lang='lat' dir='ltr'>Marcion.</span> <span class='ocrx_word' id='word_1_286' title='bbox 395 3535 427 3598; x_wconf 96' lang='lat' dir='ltr'>N</span> <span class='ocrx_word' id='word_1_287' title='bbox 429 3556 469 3597; x_wconf 95' lang='lat' dir='ltr'>on</span> <span class='ocrx_word' id='word_1_288' title='bbox 483 3534 679 3620; x_wconf 88' lang='lat' dir='ltr'>rebaptizant</span> <span class='ocrx_word' id='word_1_289' title='bbox 693 3535 880 3599; x_wconf 87' lang='lat' dir='ltr'>alterutrum</span> <span class='ocrx_word' id='word_1_290' title='bbox 894 3535 935 3599; x_wconf 90' lang='lat' dir='ltr'>ad</span> <span class='ocrx_word' id='word_1_291' title='bbox 951 3559 982 3599; x_wconf 91' lang='lat' dir='ltr'>se</span> <span class='ocrx_word' id='word_1_292' title='bbox 997 3534 1187 3598; x_wconf 86' lang='lat' dir='ltr'>venientes.”</span> 
     </span>
    </p>

    <p class='ocr_par' dir='ltr' id='par_1_6' title="bbox 162 3617 1213 4396">
     <span class='ocr_line' id='line_1_38' title="bbox 208 3617 1212 3720; baseline 0.001 -38"><span class='ocrx_word' id='word_1_293' title='bbox 208 3617 376 3684; x_wconf 85' lang='grc' dir='ltr'><strong>Ρ.226.1.</strong></span> <span class='ocrx_word' id='word_1_294' title='bbox 394 3635 444 3704; x_wconf 84' lang='lat'>15.</span> <span class='ocrx_word' id='word_1_295' title='bbox 467 3641 525 3684; x_wconf 91' lang='lat' dir='ltr'>nec</span> <span class='ocrx_word' id='word_1_296' title='bbox 542 3617 711 3706; x_wconf 90' lang='lat' dir='ltr'>[Spiritum</span> <span class='ocrx_word' id='word_1_297' title='bbox 727 3623 910 3720; x_wconf 86' lang='lat' dir='ltr'>Sanctum]]</span> <span class='ocrx_word' id='word_1_298' title='bbox 928 3624 1059 3685; x_wconf 89' lang='lat' dir='ltr'>Certum</span> <span class='ocrx_word' id='word_1_299' title='bbox 1077 3634 1123 3684; x_wconf 91' lang='lat' dir='ltr'>est</span> <span class='ocrx_word' id='word_1_300' title='bbox 1144 3621 1212 3683; x_wconf 88' lang='lat' dir='ltr'>haec</span> 
     </span>
     <span class='ocr_line' id='line_1_39' title="bbox 164 3702 1213 3792; baseline 0.003 -25"><span class='ocrx_word' id='word_1_301' title='bbox 164 3702 230 3767; x_wconf 94' lang='lat' dir='ltr'>duo</span> <span class='ocrx_word' id='word_1_302' title='bbox 252 3704 405 3768; x_wconf 89' lang='lat' dir='ltr'>vocabula</span> <span class='ocrx_word' id='word_1_303' title='bbox 430 3727 492 3768; x_wconf 91' lang='lat' dir='ltr'>non</span> <span class='ocrx_word' id='word_1_304' title='bbox 514 3719 621 3770; x_wconf 88' lang='lat' dir='ltr'>extare</span> <span class='ocrx_word' id='word_1_305' title='bbox 642 3706 675 3769; x_wconf 95' lang='lat' dir='ltr'>in</span> <span class='ocrx_word' id='word_1_306' title='bbox 698 3706 785 3772; x_wconf 90' lang='lat' dir='ltr'>libris</span> <span class='ocrx_word' id='word_1_307' title='bbox 807 3723 920 3772; x_wconf 82' lang='lat' dir='ltr'>nostris</span> <span class='ocrx_word' id='word_1_308' title='bbox 941 3730 998 3771; x_wconf 88' lang='lat' dir='ltr'>nec</span> <span class='ocrx_word' id='word_1_309' title='bbox 1019 3707 1052 3770; x_wconf 92' lang='lat' dir='ltr'>in</span> <span class='ocrx_word' id='word_1_310' title='bbox 1074 3719 1213 3792; x_wconf 89' lang='lat' dir='ltr'>quatuor</span> 
     </span>
     <span class='ocr_line' id='line_1_40' title="bbox 163 3789 1212 3879; baseline -0.002 -20"><span class='ocrx_word' id='word_1_311' title='bbox 163 3789 355 3876; x_wconf 85' lang='lat' dir='ltr'>Anglicanis.</span> <span class='ocrx_word' id='word_1_312' title='bbox 401 3792 453 3855; x_wconf 89' lang='lat' dir='ltr'>Ita</span> <span class='ocrx_word' id='word_1_313' title='bbox 475 3790 569 3855; x_wconf 88' lang='lat' dir='ltr'>etiam</span> <span class='ocrx_word' id='word_1_314' title='bbox 591 3792 630 3855; x_wconf 93' lang='lat' dir='ltr'>de</span> <span class='ocrx_word' id='word_1_315' title='bbox 652 3815 717 3856; x_wconf 92' lang='lat' dir='ltr'>uno</span> <span class='ocrx_word' id='word_1_316' title='bbox 739 3816 796 3858; x_wconf 93' lang='lat' dir='ltr'>suo</span> <span class='ocrx_word' id='word_1_317' title='bbox 818 3806 950 3859; x_wconf 90' lang='lat' dir='ltr'>testatur</span> <span class='ocrx_word' id='word_1_318' title='bbox 970 3792 1138 3869; x_wconf 87' lang='lat' dir='ltr'>Pamelius‚</span> <span class='ocrx_word' id='word_1_319' title='bbox 1154 3793 1212 3879; x_wconf 92' lang='lat' dir='ltr'>qui</span> 
     </span>
     <span class='ocr_line' id='line_1_41' title="bbox 164 3875 1211 3966; baseline 0.001 -25"><span class='ocrx_word' id='word_1_320' title='bbox 164 3888 267 3941; x_wconf 86' lang='lat' dir='ltr'>tamen</span> <span class='ocrx_word' id='word_1_321' title='bbox 285 3875 339 3940; x_wconf 92' lang='lat' dir='ltr'>illa</span> <span class='ocrx_word' id='word_1_322' title='bbox 357 3876 480 3942; x_wconf 91' lang='lat' dir='ltr'>addidit</span> <span class='ocrx_word' id='word_1_323' title='bbox 495 3900 534 3940; x_wconf 90' lang='lat' dir='ltr'>ex</span> <span class='ocrx_word' id='word_1_324' title='bbox 549 3877 654 3953; x_wconf 74' lang='lat' dir='ltr'>codice</span> <span class='ocrx_word' id='word_1_325' title='bbox 668 3878 763 3957; x_wconf 88' lang='lat' dir='ltr'>edito,</span> <span class='ocrx_word' id='word_1_326' title='bbox 777 3881 810 3944; x_wconf 94' lang='lat' dir='ltr'>in</span> <span class='ocrx_word' id='word_1_327' title='bbox 830 3880 922 3966; x_wconf 86' lang='lat' dir='ltr'>cujus</span> <span class='ocrx_word' id='word_1_328' title='bbox 942 3879 1136 3966; x_wconf 85' lang='lat' dir='ltr'>marginibus</span> <span class='ocrx_word' id='word_1_329' title='bbox 1150 3880 1173 3942; x_wconf 88' lang='lat' dir='ltr'>J</span> <span class='ocrx_word' id='word_1_330' title='bbox 1175 3903 1211 3942; x_wconf 92' lang='lat' dir='ltr'>o-</span> 
     </span>
     <span class='ocr_line' id='line_1_42' title="bbox 162 3961 1211 4053; baseline 0.002 -25"><span class='ocrx_word' id='word_1_331' title='bbox 162 3987 258 4028; x_wconf 92' lang='lat' dir='ltr'>annes</span> <span class='ocrx_word' id='word_1_332' title='bbox 283 3962 443 4027; x_wconf 89' lang='lat' dir='ltr'>Cauchius</span> <span class='ocrx_word' id='word_1_333' title='bbox 466 3961 694 4050; x_wconf 87' lang='lat' dir='ltr'>Ultrajectinus</span> <span class='ocrx_word' id='word_1_334' title='bbox 717 3980 905 4053; x_wconf 89' lang='lat' dir='ltr'>apposuerat</span> <span class='ocrx_word' id='word_1_335' title='bbox 929 3966 1146 4053; x_wconf 88' lang='lat' dir='ltr'>castigationes</span> <span class='ocrx_word' id='word_1_336' title='bbox 1170 3989 1211 4030; x_wconf 92' lang='lat' dir='ltr'>ex</span> 
     </span>
     <span class='ocr_line' id='line_1_43' title="bbox 163 4049 1212 4116; baseline 0.001 -3"><span class='ocrx_word' id='word_1_337' title='bbox 163 4050 256 4114; x_wconf 88' lang='lat' dir='ltr'>variis</span> <span class='ocrx_word' id='word_1_338' title='bbox 275 4049 433 4114; x_wconf 89' lang='lat' dir='ltr'>codicibus</span> <span class='ocrx_word' id='word_1_339' title='bbox 453 4051 607 4115; x_wconf 85' lang='lat' dir='ltr'>manuscri</span> <span class='ocrx_word' id='word_1_340' title='bbox 632 4050 678 4114; x_wconf 90' lang='lat' dir='ltr'>tis.</span> <span class='ocrx_word' id='word_1_341' title='bbox 724 4054 880 4116; x_wconf 89' lang='lat' dir='ltr'>Remanet</span> <span class='ocrx_word' id='word_1_342' title='bbox 902 4068 1006 4116; x_wconf 89' lang='lat' dir='ltr'>tamen</span> <span class='ocrx_word' id='word_1_343' title='bbox 1028 4051 1133 4115; x_wconf 90' lang='lat' dir='ltr'>adhuc</span> <span class='ocrx_word' id='word_1_344' title='bbox 1151 4051 1212 4114; x_wconf 91' lang='lat' dir='ltr'>du-</span> 
     </span>
     <span class='ocr_line' id='line_1_44' title="bbox 162 4074 1209 4214; baseline -0.001 -13"><span class='ocrx_word' id='word_1_345' title='bbox 162 4136 250 4201; x_wconf 91' lang='lat' dir='ltr'>bium</span> <span class='ocrx_word' id='word_1_346' title='bbox 265 4159 304 4201; x_wconf 89' lang='lat' dir='ltr'>an</span> <span class='ocrx_word' id='word_1_347' title='bbox 320 4135 388 4200; x_wconf 86' lang='lat' dir='ltr'>haec</span> <span class='ocrx_word' id='word_1_348' title='bbox 402 4135 468 4199; x_wconf 93' lang='lat' dir='ltr'>duo</span> <span class='ocrx_word' id='word_1_349' title='bbox 481 4074 635 4200; x_wconf 68' lang='lat' dir='ltr'>vocabuli</span> <span class='ocrx_word' id='word_1_350' title='bbox 647 4137 756 4201; x_wconf 86' lang='lat' dir='ltr'>addita</span> <span class='ocrx_word' id='word_1_351' title='bbox 765 4138 883 4202; x_wconf 85' lang='lat' dir='ltr'>fuerint</span> <span class='ocrx_word' id='word_1_352' title='bbox 897 4161 936 4201; x_wconf 90' lang='lat' dir='ltr'>ex</span> <span class='ocrx_word' id='word_1_353' title='bbox 951 4138 1032 4202; x_wconf 88' lang='lat' dir='ltr'>libro</span> <span class='ocrx_word' id='word_1_354' title='bbox 1048 4136 1155 4214; x_wconf 88' lang='lat' dir='ltr'>veteri,</span> <span class='ocrx_word' id='word_1_355' title='bbox 1168 4152 1209 4202; x_wconf 88' lang='lat' dir='ltr'>an</span> 
     </span>
     <span class='ocr_line' id='line_1_45' title="bbox 162 4222 1209 4311; baseline 0.003 -26"><span class='ocrx_word' id='word_1_356' title='bbox 162 4245 237 4288; x_wconf 89' lang='lat' dir='ltr'>vero</span> <span class='ocrx_word' id='word_1_357' title='bbox 252 4247 291 4287; x_wconf 90' lang='lat' dir='ltr'>ex</span> <span class='ocrx_word' id='word_1_358' title='bbox 306 4223 486 4310; x_wconf 87' lang='lat' dir='ltr'>conjectura</span> <span class='ocrx_word' id='word_1_359' title='bbox 501 4222 632 4287; x_wconf 89' lang='lat' dir='ltr'>Cauchii</span> <span class='ocrx_word' id='word_1_360' title='bbox 648 4236 781 4288; x_wconf 90' lang='lat' dir='ltr'>tantum.</span> <span class='ocrx_word' id='word_1_361' title='bbox 816 4225 898 4288; x_wconf 90' lang='lat' dir='ltr'>Nam</span> <span class='ocrx_word' id='word_1_362' title='bbox 914 4224 990 4311; x_wconf 92' lang='lat' dir='ltr'>quia</span> <span class='ocrx_word' id='word_1_363' title='bbox 1003 4224 1035 4288; x_wconf 97' lang='lat' dir='ltr'>in</span> <span class='ocrx_word' id='word_1_364' title='bbox 1050 4223 1209 4289; x_wconf 88' lang='lat' dir='ltr'>veteribus</span> 
     </span>
     <span class='ocr_line' id='line_1_46' title="bbox 162 4306 1209 4396; baseline 0.002 -24"><span class='ocrx_word' id='word_1_365' title='bbox 162 4306 249 4373; x_wconf 88' lang='lat' dir='ltr'>libris</span> <span class='ocrx_word' id='word_1_366' title='bbox 264 4324 336 4396; x_wconf 90' lang='lat' dir='ltr'>post</span> <span class='ocrx_word' id='word_1_367' title='bbox 349 4310 575 4396; x_wconf 81' lang='lat' dir='ltr'>vocemjiliaaa</span> <span class='ocrx_word' id='word_1_368' title='bbox 588 4309 718 4375; x_wconf 87' lang='lat' dir='ltr'>additur</span> <span class='ocrx_word' id='word_1_369' title='bbox 730 4327 797 4390; x_wconf 82' lang='lat' dir='ltr'>acc,</span> <span class='ocrx_word' id='word_1_370' title='bbox 813 4310 857 4374; x_wconf 85' lang='lat' dir='ltr'>ita</span> <span class='ocrx_word' id='word_1_371' title='bbox 871 4326 908 4376; x_wconf 92' lang='lat' dir='ltr'>ut</span> <span class='ocrx_word' id='word_1_372' title='bbox 922 4310 1089 4377; x_wconf 88' lang='lat' dir='ltr'>videantur</span> <span class='ocrx_word' id='word_1_373' title='bbox 1102 4309 1209 4396; x_wconf 88' lang='lat' dir='ltr'>aliqua</span> 
     </span>
    </p>
   </div>
   <div class='ocr_carea' id='block_1_3' title="bbox 0 0 1344 4830">
    <p class='ocr_par' dir='ltr' id='par_1_7' title="bbox 0 0 1344 4830">
     <span class='ocr_line' id='line_1_47' title="bbox 0 0 1344 4830; baseline 0 3"><span class='ocrx_word' id='word_1_374' title='bbox 0 0 1344 4830; x_wconf 95' lang='lat' dir='ltr'> </span> 
     </span>
    </p>
   </div>
  </div>
 </body>
</html>
