2678 4830
143 300 206 362 122
498 295 838 359 TERTULLIANI

143 470 308 558 randum,
321 494 409 564 quas
428 467 562 540 diceret
580 466 789 564 impendere
808 466 851 538 ad
864 465 1073 562 probabiles
1085 493 1194 562 quos-

144 614 214 684 que
239 583 530 672 manifestandos,
549 583 683 657 scilicet
708 609 798 679 quos
825 609 897 654 non
923 581 1108 681 potuerint
1130 583 1195 655 de-

143 728 302 802 pravare.
355 701 525 798 Denique
544 700 573 771 si
590 711 708 772 toturn
728 698 926 799 capitulum
947 696 991 770 ad
1013 697 1193 770 unitatem

145 817 412 903 continendam,
430 830 467 889 et
484 816 724 916 separationes
743 815 956 888 coercendas
975 816 1092 914 sapit;
1119 814 1194 886 hae-

145 962 237 1007 reses
267 959 352 1006 vero
379 960 452 1005 non
481 933 598 1004 minus
630 934 675 1004 ab
706 931 843 1004 unitate
869 930 1055 1019 divellunt,
1080 956 1220 1028 quams

146 1050 341 1123 schismata
363 1061 400 1120 et
421 1048 678 1120 dissensiones:
709 1046 785 1118 sine
803 1046 913 1119 dubio
931 1059 968 1119 et
985 1046 1135 1119 haereses
1156 1047 1192 1118 in

146 1193 188 1239 ea
207 1164 414 1239 conditione
431 1163 717 1264 reprehensionis
734 1162 934 1252 constituit,
947 1163 983 1235 in
997 1190 1068 1261 qua
1081 1163 1195 1236 schis-

145 1294 245 1355 mata
262 1295 299 1354 et
321 1280 569 1354 dissensiones.
620 1280 676 1351 Ac
693 1306 757 1378 per
774 1279 844 1351 hoc
861 1307 932 1352 nou
952 1305 1011 1350 eos
1027 1279 1195 1375 probabi·

147 1399 198 1472 les
224 1398 321 1486 facit,
344 1398 406 1496 qui
433 1397 469 1470 in
498 1397 651 1470 haereses
679 1396 898 1485 diverterint,
921 1422 1003 1469 eum
1034 1396 1194 1470 maxime

9 1520 101 1632 m·
146 1514 273 1587 diverti
292 1513 336 1586 ad
355 1512 531 1610 ejusmodi
549 1512 755 1612 objurgans,
772 1526 809 1584 et
829 1512 961 1585 docens
985 1540 1094 1585 unum
1114 1540 1195 1586 om·
1208 1546 1245 1583 10

143 1658 210 1707 nes
236 1629 347 1727 loqui,
373 1643 410 1702 et
435 1629 591 1728 idipsum
620 1655 763 1728 sapere3
790 1628 1015 1726 quodetiam
1042 1628 1195 1702 haereses

146 1773 221 1819 non
241 1745 375 1818 sinunt.

20 1877 103 1990 Cpll'·
199 1863 280 1935 Nec
305 1861 439 1935 diutius
466 1862 510 1934 de
537 1863 618 1953 ist0,
640 1864 669 1937 si
696 1863 791 1937 idern
820 1878 876 1938 est
900 1865 1043 1950 Paulus,
1070 1864 1131 1963 qui
1158 1880 1197 1938 et

9 1976 86 2061 nv]
149 1978 234 2051 alibi
262 1977 413 2049 haereses
440 1976 532 2050 inter
558 1979 712 2052 carnalia
738 1980 889 2053 crimina
912 1993 1088 2068 numerat,
1109 1980 1196 2052 scri-

9 2105 131 2155 renam.
151 2098 238 2168 bens
269 2093 313 2166 ad
345 2094 512 2180 Galatas3
540 2108 577 2168 et
606 2096 667 2193 qui
697 2096 781 2168 Tito
809 2098 979 2194 suggerit,
1008 2096 1193 2169 hominem
1209 2121 1244 2182 15

150 2210 359 2283 haereticum
383 2225 465 2309 post
487 2211 641 2310 primam
665 2213 925 2312 eorreptionem
944 2213 1196 2302 recusandum,

148 2327 245 2425 quod
261 2353 445 2428 perversus
465 2328 511 2401 sit
527 2328 704 2425 ejusmodi
720 2342 755 2402 et
768 2330 965 2428 delinquat,
977 2344 1019 2403 ut
1032 2358 1051 2402 a
1065 2343 1197 2402 semet-

149 2445 228 2543 ipso
252 2444 454 2517 damnatus.
500 2445 571 2517 Sed
598 2459 634 2519 et
657 2449 692 2518 in
720 2446 819 2518 omni
845 2473 957 2545 poene
977 2446 1128 2545 epistola
1151 2445 1196 2520 de

150 2560 359 2634 adulterinis
393 2561 564 2635 doctrinis
599 2562 778 2661 fugiendis
812 2563 1009 2647 inculcans,
1045 2563 1196 2635 haereses

149 2689 260 2766 taxat,
285 2704 437 2774 quarum
465 2705 573 2776 opera
600 2693 683 2751 sunt
709 2677 876 2751 adulterae
903 2678 1098 2751 doctrinae:
1130 2679 1197 2750 lra-
1209 2711 1246 2751 20

147 2819 246 2869 reses
271 2792 379 2865 dietae
406 2794 532 2866 Graeea
559 2821 645 2867 voce
671 2821 716 2866 ex
744 2795 1035 2892 interpretatione
1057 2794 1194 2868 electio-

149 2908 216 2993 nis,
234 2934 306 3004 qua
332 2909 412 3005 quis
440 2909 513 2981 sive
540 2909 584 2981 ad
610 2910 858 2998 instituendas,
881 2911 954 2984 sive
980 2910 1023 2984 ad
1048 2910 1198 3008 suseipi-

149 3022 258 3095 endas
272 3051 343 3114 eas,
356 3025 477 3096 utitur.
506 3025 595 3097 ldeo
609 3039 645 3098 et
658 3024 724 3096 sibi
744 3025 955 3099 damnatum
975 3027 1068 3099 dixit
1088 3027 1197 3098 haere-

148 3140 275 3230 ticum,
293 3140 377 3238 quia
396 3153 433 3213 et
457 3141 491 3212 in
512 3169 585 3239 quo
603 3141 804 3227 damnatur,
823 3143 889 3217 sibi
908 3144 1027 3242 elegit.
1079 3141 1196 3216 Nobis

149 3281 232 3331 vero
255 3257 345 3330 nihil
369 3284 414 3330 ex
435 3271 558 3330 nostro
581 3257 726 3330 arbitrio
750 3257 918 3332 inducere
935 3260 1031 3347 lieet,
1049 3257 1110 3330 sed
1129 3284 1243 3351 neer5

150 3375 280 3471 eligere
299 3375 396 3471 quod
416 3374 544 3472 aliquis
563 3373 606 3446 de
624 3374 769 3446 arbitrio
787 3401 852 3447 suo
870 3375 1061 3448 induxerit.
1099 3375 1198 3473 Apo-

150 3491 257 3562 stolos
280 3489 433 3562 Domini
461 3490 637 3563 habemus
656 3504 828 3580 auctores,
847 3492 908 3589 qui
928 3519 994 3565 nec
1012 3492 1080 3591 ipsi
1099 3491 1198 3588 quic-

151 3630 261 3700 quam
287 3631 330 3676 ex
356 3633 421 3677 suo
446 3606 603 3696 arbitri0,
626 3607 723 3703 quod
750 3607 971 3698 inducerent,
989 3609 1196 3706 elegerunt:

151 3718 212 3791 sed
236 3734 421 3819 acceptam
448 3722 632 3794 aChristo
655 3722 881 3823 disciplinam
908 3724 1060 3796 fideliter
1084 3722 1196 3795 natio·

34 3857 67 3904 .i.
151 3838 257 3910 nibus
277 3838 562 3935 adsignaverunt.
590 3841 718 3937 Itaque
735 3840 875 3912 etiarnsi
895 3841 1043 3939 angelus
1062 3838 1106 3910 de
1124 3863 1197 3910 coe·
1207 3874 1247 3929 30

150 3955 193 4027 lis
213 3956 314 4028 aliter
331 3956 601 4054 evangelizaret,
621 3956 812 4029 anathema
836 3957 1014 4030 diceretur
1038 3983 1058 4027 a
1082 3955 1196 4027 nobis.

150 4072 358 4145 Providerat
381 4071 460 4167 jam
487 4084 575 4143 tunc
605 4071 759 4170 Spiritus
790 4072 944 4145 Sanetus
970 4072 1132 4145 futurum
1160 4072 1196 4143 in

9 4205 110 4254 com
151 4189 286 4286 virgine
321 4189 477 4286 quadam
514 4187 729 4261 Philumene
762 4190 930 4286 angelum
966 4189 1197 4278 seductionis,
