2678 4830
156 324 222 387 aas
298 278 303 285 ¹
493 322 873 388 annosarronus

155 494 219 557 lum
231 494 352 581 poatbn
377 495 935 582 timeumaorrctoadaderepeccatum.
954 495 1053 560 Cont.
1071 515 1102 562 2.
1113 497 1222 584 Epist.

157 581 266 666 Pelag.
281 579 320 642 ad
339 581 353 642 l
388 579 444 642 nii.
459 604 484 643 c.
500 583 528 643 8.
554 583 658 645 Fam..

200 669 239 729 P.
256 668 326 745 284.
352 666 372 728 l.
388 684 419 750 5.
447 666 552 729 denuo
574 667 650 732 dicit
673 667 720 751 (b.
732 690 760 730 e.
781 666 917 754 Spiritus
939 668 1111 752 Sanctus)]
1133 668 1219 732 Olim

155 752 236 816 inter
258 752 427 850 legendum
449 751 525 814 milri
550 754 698 831 constitit,
723 751 837 816 librum
860 752 980 816 dictum
1003 755 1219 818 Ecclesiasti-

155 862 236 916 rum,
249 862 303 925 qm
316 838 365 901 hie
375 854 406 901 et
414 838 486 902 alibi
499 861 518 901 a
529 841 690 927 Cypriano
705 839 846 919 affertur,
857 862 875 902 a
885 839 1031 925 patribus
1043 856 1109 904 tam
1125 841 1219 905 Grae-

155 925 199 988 cis
220 948 315 1011 qnam
341 924 473 1003 Latinis,
498 948 535 988 eo
557 926 643 1012 quod
666 927 697 990 in
721 924 977 1011 interpretatione
995 933 1057 989 τῶν
1077 925 1105 989 ο’
1122 943 1216 991 exta-

155 1027 214 1088 ret,
234 1027 270 1075 ut
290 1014 321 1073 S.
337 1012 402 1074 Scri
415 1026 508 1075 stura>
528 1029 648 1097 partem
671 1014 873 1076 θεόπνευστον
893 1033 1015 1098 semper
1033 1011 1216 1077 adductum

155 1097 263 1174 fuisse,
280 1120 380 1183 usque
395 1035 471 1160 dum
487 1097 607 1162 veneris
622 1098 664 1165 ad
679 1098 866 1175 Eusebium,
882 1097 938 1184 qui
952 1111 1063 1162 contra
1077 1098 1165 1163 inter
1179 1105 1217 1165 τὰ

155 1185 372 1265 ἀντιλεγόμευα
386 1182 489 1268 ipsum
506 1184 670 1248 recensuit.
701 1183 793 1248 Solus
809 1183 924 1247 Melito
935 1183 1143 1270 excipiendus
1156 1199 1215 1266 est,

154 1270 245 1333 cu'us
260 1269 420 1355 catologus
434 1269 585 1333 librorum
602 1273 671 1335 Vet.
684 1270 880 1334 Testamenti
893 1269 979 1356 apud
991 1270 1131 1334 eundem
1146 1274 1216 1335 Eu-

155 1293 276 1419 seliiurn
303 1371 400 1419 extat.
450 1358 496 1420 Et
521 1357 653 1444 posteris
677 1379 806 1454 quoque
831 1355 1025 1442 temporibus
1051 1368 1214 1444 receptum

153 1465 226 1505 eum
250 1442 345 1505 fuisse
368 1445 403 1505 in
429 1446 659 1522 alletoritatem,
682 1465 816 1505 mamme
838 1442 879 1506 ab
904 1442 1031 1506 ecclesia
1053 1442 1212 1523 orientali,

153 1528 290 1592 ostendit
317 1531 349 1592 S.
367 1529 569 1613 Augustinus
589 1531 627 1593 de
651 1530 790 1594 Ciuitate
808 1529 883 1605 Dei,
906 1526 960 1591 lib.
978 1549 1064 1592 xvu.
1089 1552 1160 1617 cap.
1182 1551 1212 1595 2.

154 1615 274 1678 Contra
289 1638 362 1677 vero
377 1616 594 1679 auctoritatem
609 1614 679 1678 libri
694 1614 873 1677 canonicam
889 1629 962 1678 sunt
977 1613 1037 1678 alia
1047 1615 1212 1680 afferenda

177 1715 268 1766 roeter
292 1700 454 1763 Melitonis
476 1714 572 1787 atque
595 1700 725 1764 Eusebii
745 1699 940 1773 testimonia;
965 1700 1080 1765 etenim
1100 1703 1209 1765 conci·

154 1723 231 1848 burn
253 1785 481 1862 Laodicenum,
504 1805 576 1850 ante
597 1784 772 1872 Augustini
795 1801 936 1873 tempora
953 1786 1041 1871 quod
1061 1786 1209 1852 habitum

153 1883 211 1948 est,
238 1885 310 1957 post
335 1885 592 1935 commemoratos
615 1871 735 1934 Veteris
759 1872 954 1936 Testamenti
980 1871 1087 1950 libros,
1112 1873 1210 1939 nullis

152 1979 260 2021 eorum
276 1956 405 2044 adjectis
419 1957 475 2042 qui
494 1957 668 2057 apoctpplti
688 1956 786 2043 vulgo
804 1957 964 2036 dicuntur,
981 1958 1065 2022 hunc
1087 1958 1208 2024 librum

153 2043 301 2108 Siraeidae
318 2041 569 2108 Ecclesiasticum
585 2043 765 2130 junioribus
783 2043 965 2108 discendum
986 2058 1112 2108 tantum
1130 2069 1210 2133 pro·

152 2131 270 2216 posuit;
288 2145 320 2194 et
336 2133 369 2194 S.
382 2130 504 2194 Hieron
529 2154 610 2208 mus,
624 2129 681 2193 etsi
696 2130 891 2194 Hebraicum
906 2131 1002 2218 hujus
1014 2131 1085 2194 libri
1101 2155 1210 2197 exem-

151 2217 220 2303 plar
242 2230 410 2304 repererat,
433 2155 568 2280 eundem
591 2230 706 2294 tamen,
729 2231 895 2302 propterea
917 2217 1002 2303 quod
1025 2239 1044 2279 a
1066 2219 1089 2280 J
1092 2217 1209 2283 udaico

154 2303 388 2390 Scripturarum
407 2326 525 2367 canone
543 2303 676 2378 abesset,
692 2301 778 2365 libris
795 2302 951 2366 canonicis
969 2302 1207 2369 excludendum

151 2412 217 2452 esse
236 2390 374 2463 censuit3
399 2412 501 2476 neque
519 2389 737 2453 auctoritatem
754 2388 856 2452 eidem
875 2388 976 2453 inesse
994 2389 1035 2453 ad
1054 2389 1208 2476 dogmata

151 2474 224 2538 fidei
245 2475 459 2539 confirmanda
476 2476 616 2562 agnovit.
648 2473 721 2538 Vid.
735 2476 864 2562 Proleg.
883 2475 952 2573 ejus
965 2477 1001 2538 in
1015 2477 1130 2540 Libros
1145 2478 1208 2543 So-

151 2561 263 2626 lomoa.
298 2563 411 2649 Neque
426 2561 515 2625 aliter
530 2575 666 2626 statuere
681 2561 801 2623 Rufino
816 2561 1012 2646 Aquileiensi
1027 2561 1128 2625 visum
1145 2578 1206 2628 est.

151 2647 225 2711 Vid.
240 2650 362 2735 Eapoa.
382 2649 450 2734 ejus
469 2650 505 2710 in
525 2647 708 2735 Symbolum
723 2648 832 2733 Apoat.
855 2647 1027 2731 §xxxviii
1043 2671 1076 2734 p.
1092 2650 1145 2712 26.
1161 2650 1206 2714 ad

151 2733 267 2797 calcem
289 2734 364 2798 edit.
389 2737 494 2798 Oxou.
516 2737 576 2821 Op.
597 2737 633 2799 S.
649 2735 821 2821 Cypriani.
867 2733 914 2797 Hi
936 2733 1019 2797 enirn
1042 2734 1135 2798 ambo
1158 2734 1205 2798 le·

150 2819 290 2905 gendum
313 2819 428 2883 librum
451 2820 484 2883 in
506 2820 633 2884 ecclesia
655 2834 778 2884 tantum
802 2833 931 2906 propter
952 2819 1203 2901 aedificationem,

150 2919 187 2968 ut
206 2905 306 2981 aiunt,
325 2905 562 2979 existimabant;
587 2905 854 2991 quemadmodum
875 2905 1030 2969 AEliricus
1052 2905 1151 2970 abbas
1169 2907 1204 2970 in

153 2991 307 3054 Tractatu
329 3013 386 3054 suo
400 2991 438 3053 de
459 2993 518 3054 Vct.
535 3001 628 3077 atque
642 2993 736 3055 Novo
755 2994 955 3056 Testamento
969 3014 1041 3078 pag.
1058 3007 1107 3074 17.
1123 2993 1202 3059 edit.

151 3075 248 3140 Lisle.
264 3076 319 3162 qui
338 3076 465 3164 quidem
486 3091 637 3140 tractatus
650 3076 786 3162 AEdgari
804 3077 886 3163 regis
902 3078 1030 3164 Angliae
1050 3079 1201 3162 tempori·

150 3162 210 3227 bus
232 3164 422 3250 compositus
444 3176 501 3228 est.
545 3162 643 3228 Unde
665 3178 785 3227 constat
805 3187 918 3250 parum
941 3187 1064 3228 curasse
1082 3162 1200 3227 AElfri·

82 3267 86 3274 ·
150 3272 221 3312 cum
241 3249 290 3313 vel
310 3251 471 3315 decretum
491 3249 569 3315 illud
592 3249 767 3313 Innocentii
784 3250 812 3312 I.
829 3249 965 3313 Romani
985 3250 1133 3347 episcopi,
1149 3250 1201 3315 vel

151 3336 290 3400 Africani
306 3337 426 3401 concilii
441 3337 481 3401 de
496 3336 582 3401 libris
597 3336 751 3400 canonicis
765 3335 987 3399 definitionem.
1010 3336 1066 3400 Ad
1082 3335 1200 3400 bbrum

154 3423 248 3486 Tohtt
265 3422 352 3508 quod
371 3422 493 3500 attinet,
513 3423 571 3487 etsi
593 3422 643 3486 hic
665 3422 781 3508 pariter
802 3435 834 3484 at
858 3443 897 3484 ue
917 3422 1158 3487 Ecclesiasticus
1180 3447 1201 3487 a

151 3507 312 3594 Cypriano
322 3523 471 3594 tanquam
492 3509 654 3595 Scriptura
668 3532 753 3571 sacra
767 3444 909 3571 hocloco
923 3506 1080 3572 adductus
1090 3507 1198 3586 fuerit,

148 3604 284 3655 attamen
298 3615 333 3655 ea
348 3593 440 3671 infra,
452 3618 525 3680 quae
536 3595 576 3658 de
590 3593 723 3657 efficacia
737 3594 941 3681 eleemosynae
956 3593 1036 3657 dixit
1052 3594 1200 3680 Raphael

147 3677 289 3764 angelus
315 3678 464 3743 Tabithae
487 3679 720 3743 resuscitatione
741 3679 774 3742 in
797 3680 934 3745 Actibus
955 3680 1197 3766 Apostolorum,

147 3763 363 3861 potiusquam
379 3764 536 3828 sanatione
553 3764 654 3828 Tobit
668 3777 732 3827 tam
748 3765 953 3831 misericordis
968 3779 1092 3829 sanctus
1107 3780 1198 3852 pater

147 3865 173 3914 rt
188 3874 255 3915 com
282 3855 436 3918 robatum.
473 3850 544 3914 Vid.
564 3855 593 3936 ξ.
606 3850 648 3915 iv.
665 3873 697 3936 p.
713 3852 785 3933 287.

193 3875 279 4001 Ibid).
293 3937 314 4000 l.
331 3956 379 4003 12.
402 3936 542 4021 operatio
582 3939 655 4000 Hac
676 3960 752 4000 voce
773 3937 888 4023 passim
910 3935 1053 4021 designat
1074 3951 1195 4016 auctor,

148 4044 240 4086 omne
260 4023 350 4100 illud,
366 4021 453 4108 quod
469 4022 555 4108 apud
577 4046 633 4087 nos
651 4023 807 4086 bonorum
827 4043 958 4108 operum
976 4023 1135 4086 notatione
1149 4023 1195 4085 in-

149 4106 301 4195 telligitur
312 4135 319 4172 ι
330 4108 427 4171 <unde
448 4107 490 4171 sic
509 4107 542 4171 in
562 4109 633 4173 libri
647 4109 744 4196 hujus
759 4108 850 4173 titulo
865 4106 1044 4186 adhibetur,
1059 4123 1096 4172 ut
1110 4109 1194 4172 idem

148 4193 187 4257 sit
201 4217 271 4258 cum
288 4194 502 4279 eleemosyna:
520 4208 552 4258 et
566 4210 662 4283 caput
675 4196 812 4282 primum
828 4193 909 4257 tertii
924 4192 995 4256 libri
1012 4194 1054 4257 ad
1069 4193 1193 4272 Quirin.

146 4279 336 4357 inscribitur,
350 4282 403 4343 De
416 4283 494 4345 bono
508 4285 657 4368 operiret
673 4280 907 4346 misericordie.
947 4279 1011 4344 Ubi
1032 4280 1100 4344 vide
1120 4303 1194 4368 quae
