2678 4830
155 320 218 383 112
507 308 845 384 TERTULLIANI

155 504 224 574 tur,
243 513 314 561 una
336 499 371 558 et
393 484 581 583 disciplina
606 481 733 581 capitis
753 477 920 578 exigitur,
938 476 1047 550 etiam
1071 476 1116 548 ad
1139 503 1201 550 eas

155 601 320 700 virgines,
339 626 426 697 quas
451 599 602 697 pueritia
624 594 808 679 defendit;
836 620 857 666 a
878 591 997 692 primo
1019 591 1117 664 enim
1130 590 1202 691 fe·

154 718 256 790 mina
272 715 458 789 nominata
475 726 539 787 est.
590 713 650 786 Sic
667 711 822 807 denique
839 722 876 782 et
893 708 1005 781 Israel
1023 708 1199 780 observat.

152 830 224 905 Sed
251 833 280 904 si
307 857 381 903 non
407 832 632 903 observaret:
659 840 780 900 nostra
805 827 863 898 lex
890 823 1072 923 ampliata,
1090 834 1200 921 atque

152 947 318 1048 suppleta
330 943 537 1017 defenderet
551 943 616 1015 sibi
632 941 885 1039 adjectionem,
898 939 1096 1039 virginibus
1110 963 1226 1034 quo-5

152 1091 225 1162 que
250 1060 415 1158 injiciens
443 1059 699 1132 velamentum.
750 1056 954 1129 Excusctur
979 1081 1076 1127 nunc
1101 1068 1199 1139 aetas,

153 1205 234 1276 quae
252 1201 377 1250 sexum
403 1200 510 1247 suum
534 1174 686 1272 ignorat,
703 1172 944 1272 simplicitatis
968 1171 1197 1270 privilegium

153 1302 286 1365 teneat.
337 1288 437 1361 Nam
455 1301 491 1360 et
508 1287 598 1375 Eva,
616 1301 653 1359 ct
668 1288 801 1377 Adam,
819 1288 881 1359 ubi
900 1286 950 1359 eis
975 1286 1128 1384 contigit
1146 1312 1201 1359 sa·

152 1433 247 1506 pere,
264 1415 457 1477 texuerunt
479 1402 614 1491 statim,
631 1402 728 1498 quod
755 1416 984 1500 agnoverant.
1036 1402 1143 1473 Certe
1161 1401 1199 1472 in

153 1521 285 1594 ouibus
307 1519 461 1619 pueritia
485 1518 648 1603 mutavit,
666 1517 759 1591 sicut
777 1530 913 1590 naturae
933 1516 1029 1620 (for.
1048 1520 1199 1613 nature),
1213 1542 1248 1582 ιο

153 1647 202 1708 rta
225 1648 262 1707 et
286 1633 489 1733 disciplinae
518 1630 618 1732 (for.
636 1632 843 1732 disciplina)
873 1634 982 1706 debet
1009 1645 1095 1705 aetas
1122 1658 1199 1703 esse

150 1747 337 1821 munifica.
388 1747 488 1819 Nam
513 1762 548 1820 et
571 1747 755 1838 membris,
773 1764 809 1822 et
834 1749 960 1822 officiis
989 1746 1198 1820 mulieribus

153 1863 389 1962 resignantur.
431 1860 545 1934 Nulla
562 1861 663 1960 virgo
680 1876 744 1948 est,
759 1891 803 1936 ex
822 1891 896 1960 quo
913 1876 1034 1964 potest
1052 1865 1199 1948 nubere,

154 1976 324 2076 quoniam
347 1989 431 2049 aetas
443 1976 522 2071 jam
541 1977 578 2048 in
601 2004 643 2049 ea
660 1978 782 2076 nupsit
800 2006 865 2051 suo
882 1980 968 2065 viro,
983 1979 1019 2051 id
1037 1991 1092 2051 est
1109 1991 1200 2051 tem-

154 2093 244 2192 pori.
276 2155 279 2159 .
295 2091 366 2165 Sed
389 2092 508 2189 aliqua
531 2119 568 2165 se
588 2092 671 2164 Deo
688 2093 804 2167 vovit:
830 2094 909 2189 jam
928 2108 964 2168 et
982 2094 1117 2167 crinem
1136 2115 1247 2175 err-15

155 2206 239 2282 inde
264 2210 506 2308 transfigurat,
525 2222 567 2284 ct
592 2233 740 2282 ornnem
766 2208 932 2282 habitum
959 2208 1003 2281 ad
1033 2209 1200 2282 mulieres

154 2324 339 2398 convertit.
381 2325 518 2398 Totum
540 2351 625 2423 ergo
650 2336 836 2415 asseveret,
855 2338 892 2398 et
915 2337 1031 2397 totum
1053 2326 1199 2423 virginis

153 2451 312 2539 praestet:
331 2439 427 2537 quod
441 2452 587 2540 propter
598 2439 722 2512 Deum
739 2439 937 2526 abscondit,
952 2441 1058 2538 plane
1072 2442 1202 2514 obum-

154 2555 243 2628 bret.
294 2553 449 2627 Interest
465 2568 598 2646 nostra,
615 2555 710 2653 quod
733 2555 804 2628 Dei
823 2555 937 2654 gratia
954 2569 1128 2646 exerceat,
1146 2583 1202 2629 so-

154 2669 223 2742 lius
248 2667 320 2741 Dei
347 2668 574 2743 conscientiae
600 2671 868 2760 commendare,
885 2699 931 2744 ne
953 2672 1049 2769 quod
1077 2700 1097 2745 a
1119 2672 1201 2745 Deo
1213 2699 1249 2738 20

155 2808 351 2883 speramus,
368 2785 414 2856 ab
432 2783 580 2857 homine
598 2811 887 2883 compensemus.
924 2787 1022 2871 Quid
1041 2787 1200 2861 denudas

156 2912 239 2971 ante
257 2896 391 2985 Deum,
408 2897 505 2994 quod
523 2912 605 2972 ante
624 2901 790 2974 homines
809 2903 923 3001 tegis?
956 2902 1202 2976 Verecundior

156 3011 225 3084 eris
251 3011 289 3083 iu
314 3012 472 3112 publico,
498 3040 608 3110 quam
635 3016 672 3088 in
699 3016 871 3090 ecelesia?
905 3014 948 3089 Si
970 3017 1049 3090 Dei
1071 3019 1203 3117 gratio

158 3138 223 3219 est,
240 3139 275 3204 et
288 3129 471 3229 occepisti,
489 3131 581 3230 quid
597 3133 784 3232 gloriaris,
796 3131 924 3228 inquit,
940 3135 981 3229 (1
998 3132 1080 3204 Cor.
1093 3133 1138 3204 iv.
1149 3134 1200 3226 7.)

157 3247 265 3346 quasi
288 3272 360 3320 nort
385 3247 601 3346 acceperis?
642 3247 740 3330 Quid
767 3247 851 3319 alias
879 3245 1119 3319 ostentatione
1147 3245 1200 3317 tui
1213 3273 1248 3334 25

150 3360 317 3456 judicas?
344 3387 389 3433 an
413 3359 499 3433 alias
520 3360 633 3458 gloria
656 3374 719 3435 tua
739 3361 783 3436 ad
802 3364 938 3436 bonurn
959 3361 1109 3435 invitas?
1135 3361 1202 3433 At-

158 3475 220 3571 qui
238 3488 274 3548 ct
290 3475 368 3575 ipsa
383 3474 593 3574 periclitaris
611 3476 788 3568 amittere,
805 3479 832 3550 si
852 3477 1032 3577 gloriaris3
1059 3489 1095 3550 et
1116 3477 1201 3551 alias

159 3587 206 3662 ad
222 3588 346 3661 eadem
364 3589 524 3688 pericula
542 3589 652 3689 cogis.
695 3593 817 3666 Facile
834 3593 978 3692 eligitur
995 3589 1090 3693 (for.
1101 3593 1203 3667 elidi-

158 3709 230 3801 tur)
250 3703 346 3800 quod
364 3704 549 3778 affectione
567 3705 690 3803 gloriae
708 3708 910 3782 assumitur.
943 3708 1072 3782 Velare
1089 3709 1202 3808 virgo,

159 3819 189 3893 si
206 3818 306 3917 virgo
323 3846 381 3905 es;
399 3818 507 3894 debes
526 3821 623 3894 cuim
642 3824 858 3897 erubescere.
885 3823 922 3896 Si
940 3823 1042 3923 virgo
1059 3851 1109 3914 es,
1122 3826 1203 3924 plu·
1211 3855 1251 3913 30

158 3961 213 4008 res
230 3933 353 4008 oculos
369 3935 445 4034 pati
463 3937 547 4009 noli.
573 3936 697 4009 Nemo
715 3935 862 4010 miretur
878 3936 916 4007 in
934 3950 1034 4008 tuam
1051 3935 1201 4022 faciem;

158 4079 267 4126 nemo
280 4051 510 4126 mendacium
524 4066 629 4127 tuum
643 4050 783 4127 sentiat.
808 4049 912 4124 Bene
929 4050 1092 4125 mentiris
1110 4078 1203 4153 nup·

157 4179 245 4258 tam,
263 4166 293 4241 si
311 4181 421 4268 caput
437 4170 543 4245 veles.
584 4171 666 4244 Imo
684 4168 827 4244 mentiri
845 4195 919 4243 non
936 4169 1087 4256 videris3
1110 4196 1203 4269 nup-
