2678 4830
171 310 214 370 22
503 303 878 369 ANNOTATIONES

172 478 245 558 ὅπερ
260 477 403 540 κόνδυλόν
421 484 516 557 φασιν
535 479 564 540 οἱ
582 478 683 559 σόφοι.
727 474 858 539 Suidas:
882 474 998 558 Πυγμή.
1024 475 1116 556 πύλη.
1137 476 1205 560 σύγ-

174 571 286 629 κλεισις
300 560 461 640 δακτύλων,
476 563 610 644 γρόνθος.
658 562 710 626 Ita
727 561 758 625 in
784 560 901 625 Lexico
924 561 1076 648 Hesychii
1100 563 1209 628 Graeco

173 649 272 731 πυγμὴ
294 663 340 711 est
361 649 496 730 γρύνθος,
514 647 547 710 in
571 646 681 734 cyrilli
707 647 953 713 Graeco-Latino
974 650 1111 730 γρόνθος,
1198 691 1210 704 -

173 757 245 813 nus,
258 748 289 799 et
303 735 334 798 in
349 733 514 798 Philoxeni
527 733 774 799 Latino-Graeco
782 756 932 822 pugnus,
942 736 1077 816 γρόνθος.
1103 672 1209 799 {fiii-

175 842 262 886 mus.
306 821 405 885 Vetus
420 821 579 907 Interpres
596 820 700 898 habet,
715 821 932 886 cmttumeliam
940 842 1004 906 pro
1018 822 1209 885 contumelio.

217 909 256 971 P.
275 929 322 971 11.
345 907 366 972 l.
388 927 436 992 13.
470 909 499 972 οἱ
522 908 649 995 πτωχοὶ]
677 907 774 971 Adde
802 929 841 970 ex
868 908 939 970 Vet.
965 907 1088 993 Interp.
1114 922 1147 972 et
1174 931 1211 973 ex

173 992 346 1080 Evangelio
361 993 478 1057 Mattt.
490 1016 522 1055 v.
534 1013 567 1078 3.
585 999 624 1079 τῷ
639 996 791 1073 πνεύματι.
816 995 941 1057 Snssffl.

217 1079 302 1144 Ibid.
317 1079 339 1144 l.
355 1081 404 1143 16.
427 1080 480 1142 οὐκ
499 1081 612 1165 ἐμαυτῷ
635 1079 810 1167 ἐπιτρέψας]
826 1077 1004 1165 Adscripsit
1025 1101 1089 1142 orae
1112 1101 1212 1143 exem-

173 1166 218 1253 pli
239 1189 333 1254 penes
354 1188 404 1229 me
429 1165 572 1228 editionis
592 1164 806 1231 Aldrichianae
833 1163 1053 1242 Marklandus,
1075 1173 1098 1204 “
1111 1167 1211 1240 Verte,

175 1263 197 1292 ‘⁴
211 1275 275 1317 non
289 1253 445 1338 mihiipsi
460 1250 539 1315 hanc
554 1250 728 1317 libertatem
736 1254 933 1340 permittens,
949 1251 1003 1315 sed
1018 1252 1093 1315 &c.”

217 1343 255 1403 Ρ.
275 1358 325 1405 12.
346 1337 367 1401 l.
383 1359 415 1425 3.
438 1343 472 1417 τῇ
498 1340 592 1423 σοφίη
616 1343 668 1402 τοῦ
689 1340 831 1419 μακαρίου
858 1339 905 1403 καὶ
928 1339 1047 1416 ἐνδόξου
1071 1340 1209 1424 Παύλου]

175 1424 297 1512 Insigni
317 1424 418 1512 elogio
437 1423 631 1512 Polycarpus
645 1425 825 1488 cohonestat
842 1426 874 1488 S.
888 1423 1025 1488 Paulum
1039 1425 1076 1488 ού
1091 1426 1214 1522 sapien-

174 1514 274 1585 tiam3
297 1534 360 1597 qua
374 1534 449 1575 voce
466 1513 497 1574 S.
511 1512 621 1575 Petrus
639 1511 679 1575 de
697 1510 805 1575 eodem
822 1510 934 1591 utitur,
951 1507 1084 1596 eEpist.
1101 1509 1145 1575 ii1.
1165 1527 1213 1596 15.

174 1597 207 1660 h.
223 1619 249 1661 e.
277 1597 319 1660 ob
344 1596 501 1660 scientiam
527 1595 697 1662 coelestium
722 1619 904 1661 arcanorum
934 1611 966 1660 et
994 1595 1214 1682 mysteriorum

175 1682 345 1769 evangelii:
369 1705 464 1769 quem
483 1698 586 1769 patres
606 1684 706 1748 omnis
719 1683 785 1748 fere
802 1683 871 1761 sevi,
887 1681 1091 1747 accumulatis
1110 1682 1215 1747 istius·

174 1769 259 1832 modi
281 1767 399 1854 elogiis,
422 1783 542 1832 secutos
564 1793 628 1833 esse
650 1770 753 1834 notius
774 1783 831 1847 est,
853 1792 949 1857 quam
975 1783 1012 1833 ut
1032 1768 1215 1834 testimoniis

173 1878 231 1919 con
255 1855 375 1918 erendis
389 1855 466 1919 citra
481 1855 689 1920 necessitatem
705 1855 852 1919 insistam.
878 1858 1004 1921 Snxru.

218 1879 302 2006 liid.
322 1940 342 2003 l.
359 1957 389 2024 7.
420 1942 593 2026 ἐπιστολὰς]
618 1942 709 2006 Infra
729 1966 795 2029 cop.
817 1942 860 2007 xi.
885 1945 940 2030 qui
964 1944 1040 2006 estis
1065 1943 1102 2004 in
1173 1943 1217 2006 ὀ-

174 2030 257 2115 cipio
271 2029 408 2115 epistole
422 2028 498 2113 ςρύκ.
529 2027 687 2114 Epistolas
702 2029 787 2093 etde
802 2052 865 2093 una
878 2029 1008 2117 epistola
1021 2027 1094 2103 dici,
1110 1965 1216 2092 older-

175 2128 283 2178 vatum
299 2113 398 2178 doctis
414 2114 646 2201 scripturarum
663 2115 883 2203 interpretibus
903 2116 943 2180 ad
964 2115 1060 2179 libros
1080 2114 1215 2180 Macha-

174 2201 323 2265 baeorum.
348 2203 580 2264 Constemus.

220 2286 305 2352 Ibid.
321 2287 340 2350 l.
354 2288 384 2351 8.
407 2289 469 2366 ήτις
491 2289 556 2350 ἐστὶ
575 2286 667 2369 μήτηρ
686 2287 805 2352 πάντων
821 2290 914 2375 ἡμῶν]
941 2291 1024 2353 Cum
1046 2288 1079 2351 in
1102 2288 1217 2376 pleros-
1258 2339 1261 2343 .

175 2397 237 2460 que
251 2374 346 2438 libros
361 2373 460 2437 editos
473 2373 643 2459 irrepsisset
657 2377 747 2453 ὑμῶν,
763 2372 866 2438 locum
881 2375 1033 2461 corrigere
1048 2372 1217 2441 voluerunt

174 2463 197 2525 J
201 2461 303 2540 unius,
323 2459 508 2536 Cotelerius,
531 2459 682 2536 Smithus‚
702 2461 833 2546 Freyus,
856 2462 937 2541 ἡμῶν
960 2459 1129 2548 legendum
1152 2485 1217 2526 esse

174 2561 258 2613 recte
273 2562 445 2621 monentes,
487 2548 510 2610 J
512 2569 561 2610 am
578 2569 652 2609 vero
665 2546 801 2631 comperi
816 2546 963 2625 extitisse,
979 2561 1010 2611 et
1026 2553 1170 2611 nostram
1183 2547 1216 2610 in

174 2634 311 2699 editione
339 2634 478 2721 principe
505 2631 690 2718 Interpretis
720 2631 838 2708 Latini,
861 2647 893 2696 et
917 2635 998 2713 ἡμῶν
1022 2632 1054 2696 in
1081 2632 1216 2697 editione

175 2722 281 2786 Graeci
303 2720 487 2806 exemplaris
512 2719 661 2817 principe,
683 2741 778 2805 quam
803 2742 842 2782 ex
866 2719 1048 2807 apographo
1072 2717 1216 2783 Sirmon-

175 2806 269 2869 diano
284 2806 463 2869 Halloixius
477 2805 649 2869 adornavit.
694 2804 785 2868 Idem
805 2828 931 2892 quoque
946 2829 1011 2893 prae
1031 2828 1063 2869 se
1082 2805 1147 2869 fert
1159 2804 1218 2869 Al-

176 2892 288 2956 drichii
302 2891 408 2966 editio,
426 2890 480 2954 sed
500 2892 595 2977 hujus
615 2905 717 2956 tamen
736 2915 800 2955 orae
818 2890 960 2975 adposita
976 2905 1023 2957 est
1039 2891 1218 2977 conjectura

177 2982 267 3059 ὑμῶν.
321 2980 369 3041 At
397 3000 470 3041 vero
493 2992 655 3042 mutuatus
678 2990 724 3041 est
750 2978 944 3067 Polycarpus
967 2978 1062 3042 verba
1085 2977 1217 3064 apostoli

177 3064 209 3128 in
225 3066 333 3151 Epist.
352 3065 395 3127 ad
415 3064 558 3140 Galatas,
577 3063 617 3126 iv.
638 3066 687 3127 26.
710 3065 772 3143 ήτις
795 3068 859 3128 ἐστὶ
879 3066 971 3147 μήτηρ
991 3065 1111 3129 πάντων
1125 3066 1216 3145 ἡμῶν.

178 3152 229 3216 De
243 3151 301 3215 hoc
316 3151 433 3215 interea
443 3150 526 3214 vocis
536 3150 654 3214 πάντων
669 3151 755 3237 apud
771 3151 905 3216 Paulum
924 3151 1080 3215 interdum
1095 3151 1217 3215 omissae

177 3240 371 3303 firmamento
384 3237 476 3302 silent
489 3235 586 3301 critici
600 3236 641 3299 ad
654 3236 767 3301 locum.

221 3326 306 3390 Ibid.
322 3324 341 3388 l.
362 3346 409 3388 11.
431 3324 507 3388 Ἐὰν
521 3324 579 3406 γάρ
593 3350 636 3390 τις
653 3326 763 3388 τούτων
779 3324 860 3391 ἐντὸς
876 3322 906 3404 ᾖ,
925 3324 1117 3406 πεπλήρωκεν
1133 3327 1216 3388 ἐντο-

177 3413 235 3491 λὴν
256 3411 454 3492 δικαιοσύνης]
478 3410 661 3496 [regendum
684 3410 857 3488 videbatur,
882 3413 935 3474 ἐὰν
959 3411 1016 3493 γάρ
1040 3437 1083 3477 τις
1105 3414 1217 3476 τούτων

179 3498 261 3563 ἐντὸς
274 3496 293 3576 ᾗ
306 3497 428 3578 πλήρης,
443 3497 636 3578 πεπλήρωκεν
651 3499 675 3560 ἐ.
690 3501 716 3559 δ.
732 3518 804 3560 cum
818 3520 880 3561 vox
895 3497 1007 3579 πλήρης
1021 3497 1053 3560 in
1068 3511 1216 3583 sequente

177 3584 324 3669 absorpta
344 3595 433 3645 esset.
475 3583 579 3668 Atque
600 3582 644 3646 ita
666 3581 827 3670 Anglicam
849 3583 1020 3647 versionem
1042 3606 1131 3647 suam
1152 3584 1216 3649 for-

179 3693 276 3732 masse
290 3668 330 3733 cl.
344 3669 476 3732 Gavium
492 3682 563 3754 post
577 3668 652 3731 vidi.

222 3755 306 3820 Ibid.
321 3755 340 3818 l.
357 3775 404 3835 14.
427 3755 581 3839 χαλεπῶν]
598 3754 777 3842 Hesychius
791 3755 823 3818 in
834 3756 959 3829 Letcico,
975 3757 1129 3820 Χολεπόν.
1146 3759 1215 3821 δύσ-

179 3868 278 3923 εργον,
294 3842 435 3922 σκληρὸν,
451 3843 558 3904 δεινόν.
1164 3902 1169 3911 ,

222 3927 307 3991 Ibid.
322 3926 341 3988 l.
360 3928 407 3991 18.
433 3930 485 3993 τὰς
508 3932 647 4008 γυναῖκας
671 3930 763 4012 ὑμῶν]
794 3929 887 4005 Quod
914 3925 1036 3991 monuit
1061 3927 1217 3992 Patricius

177 4014 304 4092 lunius,
318 4015 398 4093 ἡμῶν
414 4012 581 4098 legendum
596 4013 731 4077 videtur.
1171 4082 1176 4091 ,

221 4103 260 4164 Ρ.
276 4121 326 4185 13.
341 4099 362 4163 l.
377 4118 408 4179 7.
424 4099 520 4179 πάσης
535 4105 686 4180 διαβολῆς,
699 4102 890 4185 καταλαλίας]
908 4103 1005 4165 Recte
1017 4099 1215 4186 distinguun-

179 4200 231 4250 tur
246 4186 372 4268 διαβολή
387 4201 419 4250 et
434 4190 608 4263 καταλαλιδ,
625 4201 661 4249 ut
681 4186 802 4250 diversa
820 4187 931 4251 mentis
946 4201 978 4251 et
995 4187 1112 4274 linguae
1128 4185 1214 4264 vitia,

178 4272 211 4335 in
231 4273 317 4342 libris
339 4272 431 4338 sacris
451 4287 484 4338 ct
506 4272 626 4360 scriptis
646 4272 849 4338 ethnicorum.
894 4277 1072 4339 Κατολαλιδ
1092 4296 1150 4359 per
1171 4295 1213 4351 se,
