2678 4830
272 337 338 402 DE
360 334 517 400 OPERE
540 334 605 399 ΕΤ
628 331 981 398 ELEEMOSYNIS.
1089 332 1153 396 285

156 508 209 582 11.
234 506 317 580 Nec
333 506 526 605 quisquam
550 504 602 578 sic
625 503 694 578 sibi
717 502 763 577 de
784 532 877 605 puro
899 518 1008 602 atque
1027 502 1156 576 imma-

108 625 228 700 culato
253 636 398 723 pectore
422 621 639 712 blandiatur,
660 634 701 694 ut
726 620 933 695 innocentia
957 647 1021 694 sua
1043 618 1155 692 fretus

107 742 326 817 medicinam
351 767 426 813 non
448 752 553 839 putet
576 737 819 812 adhibendam
841 765 917 811 esse
934 737 1155 825 vulneribus,

108 886 192 934 cum
217 858 392 958 scriptum
419 857 485 930 sit:
515 855 610 933 Qua
629 855 854 956 glariubr'tur
875 865 1014 928 costum
1035 879 1075 927 se
1093 853 1274 927 leo-rma.

79 977 194 1063 sbere
220 1001 294 1064 cor,
321 984 388 1049 out
415 973 498 1073 quir
520 972 746 1073 gloriabitur
770 972 942 1046 muudum
965 997 1005 1044 se
1031 996 1107 1044 esse
1133 995 1157 1043 o

102 1093 299 1192 peccatis?
332 1102 369 1164 et
398 1090 529 1162 iterum
560 1089 598 1161 in
628 1089 781 1190 epistola
810 1115 874 1161 sua
900 1087 1061 1160 Joannes
1092 1114 1157 1187 po-

107 1223 219 1284 natet
235 1209 351 1282 dicat:
372 1207 416 1280 Si
433 1206 633 1280 diaerimus
649 1206 737 1305 quio
753 1215 944 1302 peccatum
962 1230 1034 1277 non
1050 1202 1156 1276 lrabe-
1167 1239 1177 1274 1
1189 1223 1291 1273 rosus.

109 1353 200 1412 mus,
225 1324 411 1421 nosipsos
436 1323 644 1420 decipimus,
669 1331 706 1395 et
728 1321 868 1395 veritas
891 1321 931 1394 in
957 1321 1059 1394 nobis
1084 1345 1157 1393 non

112 1453 176 1517 est.
227 1442 266 1514 Si
296 1453 418 1514 autem
446 1465 555 1511 nemo
579 1464 656 1511 esse
684 1437 760 1510 sine
787 1450 935 1536 peccato
964 1449 1094 1538 potest,
1120 1448 1157 1510 et

66 1557 276 1656 roquisquis
306 1556 532 1655 inculpatum
561 1581 598 1626 se
626 1580 704 1626 esse
733 1553 864 1626 dixerit
891 1566 953 1626 aut
982 1555 1157 1651 superbus

112 1687 174 1747 aut
196 1673 327 1746 stultus
350 1685 415 1760 est,
433 1697 544 1769 quam
567 1670 777 1759 necessaria,
794 1697 903 1768 quam
929 1670 1084 1770 benigna
1104 1681 1159 1742 est

112 1790 234 1863 divina
251 1788 453 1878 clementia,
471 1814 552 1886 quae
569 1814 653 1861 cum
674 1787 763 1860 sciat
784 1814 858 1861 non
881 1787 1004 1861 deesse
1027 1787 1160 1860 sanatis

112 1905 279 2005 quaedam
301 1904 537 2004 postmodum
559 1904 719 1994 vulnera,
735 1903 835 1978 dedit
857 1904 1023 1979 curandis
1040 1904 1161 1979 denuo

112 2022 352 2120 sanandisque
369 2021 577 2096 vulneribus
594 2020 754 2095 remedia
770 2021 957 2095 salutaria!

66 2168 99 2231 15
163 2139 234 2214 ΙΙΙ.
264 2138 467 2236 Nunquam
494 2137 663 2235 denique,
687 2136 812 2210 fratres
838 2136 1073 2226 dilectissimi,
1100 2135 1161 2209 ad-

112 2256 264 2330 monitio
282 2255 403 2328 divina
420 2254 573 2328 cessavit
583 2266 620 2326 et
636 2253 751 2326 tacuit
763 2279 835 2350 quo
854 2253 974 2326 minus
993 2253 1029 2325 in
1048 2253 1162 2353 scrip-

112 2373 202 2447 turis
228 2371 360 2445 sanctis
385 2384 460 2444 tam
487 2369 666 2445 veteribus
693 2395 803 2467 quam
830 2369 932 2443 novis
959 2396 1100 2469 semper
1125 2380 1162 2442 et

114 2488 249 2587 ubique
266 2486 311 2560 ad
329 2483 581 2560 misericordiae
599 2511 707 2584 opera
724 2484 796 2557 Dei
816 2485 974 2585 populus
992 2511 1162 2584 provoca-

114 2617 232 2689 retur;
259 2616 296 2676 et
319 2615 470 2677 canente
494 2614 602 2698 atque
625 2600 841 2674 exhortante
864 2601 1000 2701 Spiritu
1029 2604 1162 2675 Sancto

66 2720 277 2819 20quisquis
303 2717 348 2793 ad
374 2744 477 2819 spem
504 2717 605 2824 regni
636 2716 788 2791 coelestis
816 2717 1016 2807 instruitur,
1045 2718 1163 2792 facere

113 2838 360 2936 eleemosynas
384 2835 544 2932 jubetur.
603 2832 760 2907 Mandat
786 2845 822 2906 et
850 2833 1016 2934 praecipit
1044 2833 1163 2907 Esaioe

113 2955 240 3027 Deus:
266 2951 458 3039 Exclamo,
476 2949 605 3048 inquit,
623 2947 904 3051 infortitudine
922 2960 959 3024 ct
978 2950 1054 3024 noll
1072 2973 1228 3049 por-na.
1239 2973 1299 3025 nas

113 3094 207 3143 cere.
243 3069 350 3142 Sicut
374 3067 462 3142 tuba
488 3065 611 3140 exalto
635 3093 757 3142 uocem
782 3077 895 3153 tuom,
921 3077 958 3140 et
983 3069 1164 3141 annuntio

104 3185 213 3284 plebi
236 3211 321 3258 mera
341 3193 495 3283 peccota
520 3184 682 3280 ipsorum
709 3194 744 3257 et
772 3184 894 3258 domui
917 3182 1040 3257 Jacob
1056 3182 1165 3284 foci-

66 3327 205 3398 25uoro
234 3327 370 3375 eorum.
425 3299 477 3373 Et
507 3325 592 3372 cum
622 3312 771 3399 peccata
800 3300 850 3372 eis
881 3326 946 3372 sua
973 3300 1163 3398 exprobari

112 3417 351 3518 praecepisset,
368 3441 526 3512 cumque
543 3440 668 3487 eorum
686 3414 844 3488 facinora
867 3414 976 3514 pleno
996 3413 1164 3514 indigna-

113 3534 221 3608 tionis
244 3534 383 3633 impetu
401 3529 620 3633 protulisset,
637 3529 858 3628 dixissetque
876 3556 936 3603 eos
954 3557 1022 3604 nec
1039 3530 1068 3603 si
1086 3558 1164 3606 ora-

112 3649 270 3723 tionibus
288 3662 326 3723 et
341 3649 508 3749 precibus
526 3659 562 3720 et
581 3647 731 3744 jejuniis
754 3660 940 3721 uterentur
959 3645 1164 3723 satisfacere

113 3791 179 3863 pro
205 3765 344 3840 delictis
369 3790 486 3864 posse,
512 3790 580 3837 nec
606 3764 634 3837 si
666 3762 703 3837 in
732 3764 850 3839 cilicio
875 3775 913 3837 et
941 3763 1060 3839 cinere
1086 3765 1164 3837 vol-

64 3894 291 3974 goverentur,
309 3883 400 3956 iram
417 3882 490 3955 Dei
507 3907 612 3982 posse
630 3879 754 3975 lenire,
770 3884 809 3955 in
824 3881 1020 3956 novissima
1037 3894 1161 3956 tamen

112 4008 215 4096 parte
239 3995 490 4071 demonstraus
518 3997 602 4070 solis
633 3997 870 4096 eleemosynis
902 3998 1026 4072 Deum
1056 4023 1162 4098 posse

112 4111 257 4211 placari,
287 4113 425 4187 addidit
454 4113 598 4188 dicens:
633 4112 783 4212 Frange
816 4114 991 4188 coamenti
1026 4140 1298 4212 punemnalvia

113 4237 228 4318 tunm,
247 4239 283 4303 et
309 4254 438 4330 egenos
462 4230 541 4305 siae
566 4239 659 4305 tecto
682 4224 796 4306 iudae
819 4231 859 4306 ira
883 4232 1023 4307 domum
1046 4240 1161 4306 tuum.
