2678 4830
237 328 288 391 IN
305 327 547 391 TERTULL.
565 328 629 390 DE
647 328 940 392 PRAESCRIPT.
957 328 1085 391 HAER.
1131 330 1194 398 199

148 498 216 577 ber,
231 498 284 561 vix
305 496 366 561 dici
385 497 418 561 id
439 521 528 584 posse
547 498 588 561 de
606 498 806 585 apographis,
828 521 890 562 non
909 498 1124 585 autographis,
1140 498 1193 562 illa

149 598 271 648 tantum
298 606 393 671 penes
418 583 558 647 ecclesias
583 584 767 670 apostolicas
788 584 895 660 fuisse,
917 584 1051 648 exclusis
1073 585 1192 648 caeteris

148 669 290 734 ecclesiis.
330 669 410 732 Vide
430 669 649 756 Appendicem
672 671 789 755 egregii
809 670 911 757 operis
934 670 1065 756 Anglica
1084 671 1193 758 lingua

147 755 324 842 conscripti,
341 754 392 818 cui
410 754 532 833 tituluS,
551 757 616 818 The
629 756 813 842 Difficulties
826 756 1063 838 afRarnanisrn,
1079 756 1194 820 Roma-

148 843 238 905 nisrni
251 841 416 926 Difficilis.
459 843 553 905 Certe
574 856 705 920 constat,
729 842 868 929 singulos
893 841 942 906 hic
964 841 1045 905 mitti
1067 865 1088 905 a
1109 844 1193 906 Ter·

149 928 280 991 tulliano
296 926 489 991 Christianos
503 927 543 990 ad
558 927 690 991 vicinam
705 928 913 1013 metropolim,
929 927 961 990 in
976 951 1040 1014 qua
1054 927 1193 1015 epistolae

147 1013 324 1101 apostolicae
349 1012 529 1089 recitantur,
556 1012 756 1091 Corinthum,
785 1013 961 1100 Philippos,
990 1012 1192 1077 Thessaloni-

148 1123 228 1175 cam,
253 1102 283 1163 E
308 1098 429 1172 hesum,
456 1100 612 1173 Romam;
640 1100 681 1162 ad
706 1123 785 1185 quas
810 1100 892 1186 ipsas
917 1099 1010 1163 urbes
1034 1124 1053 1163 a
1096 1099 1193 1164 stolus

149 1186 269 1249 Paulus
283 1123 387 1249 literas
401 1185 565 1247 direxerat.
611 1186 734 1249 Mirum
750 1209 789 1249 ne
802 1187 938 1263 videtur,
955 1124 1100 1271 epistolii
1118 1185 1193 1250 istas

150 1271 298 1335 Paulinas
316 1271 356 1334 ab
371 1269 504 1334 ecclesiis
521 1270 553 1333 in
574 1271 622 1334 his
641 1271 773 1335 urbibus
792 1271 968 1335 constitutis
987 1295 1084 1336 annos
1102 1271 1192 1336 circi-

148 1372 195 1421 ter
209 1372 334 1421 centum
346 1371 378 1420 et
392 1356 621 1442 quinquaginta
634 1373 829 1421 conservatas
843 1361 930 1421 esse?
967 1357 1072 1443 quue
1087 1381 1194 1422 revera

148 1443 188 1508 ab
202 1443 239 1506 iis
253 1444 383 1520 factum,
399 1457 503 1528 potest
518 1443 595 1518 fieri,
610 1457 646 1506 ut
661 1456 793 1506 testetur
808 1443 950 1506 hocloco
965 1443 1192 1508 Tertullianus.

148 1532 196 1592 At
211 1553 296 1607 vero,
312 1529 397 1615 quod
413 1526 657 1592 obliviscendum
673 1551 735 1592 non
751 1544 808 1606 est,
823 1529 933 1592 volunt
953 1529 1009 1592 viri
1024 1529 1193 1594 doctissimi

147 1639 167 1678 o
190 1615 304 1700 positas
318 1615 413 1678 fuisse
427 1614 487 1677 hoc
501 1614 569 1678 loco
584 1616 774 1678 authenticas
794 1615 907 1694 literas,
922 1637 985 1678 non
1005 1616 1194 1713 apographis

183 1701 281 1778 raecis,
297 1701 351 1765 sed
365 1701 673 1798 interpretationibus
687 1701 857 1764 earundem
874 1701 1006 1764 Latinis.
1046 1704 1096 1765 Src
1110 1701 1193 1765 enim

148 1787 190 1850 ait
209 1786 380 1873 Rigaltius,
396 1786 457 1849 dict
476 1786 508 1849 in
528 1786 609 1851 libro
629 1785 819 1851 Tertulliani
835 1787 888 1850 De
902 1787 1108 1872 Monogamiu
1125 1811 1192 1875 cap.

151 1893 201 1936 11.
218 1888 324 1936 extare
338 1873 369 1935 in
384 1873 492 1936 Groeco
507 1875 680 1937 authentico
695 1872 776 1936 inter
800 1872 942 1936 retationi
959 1873 1082 1937 Latinae
1096 1897 1194 1972 oppo-

148 1958 207 2022 sito
220 1958 322 2022 locum
338 1957 495 2044 quendam
511 1958 652 2045 apostoli.
698 1896 909 2022 Nihilirminus
928 1959 995 2023 haec
1014 1960 1079 2022 duo
1101 1960 1193 2023 srmul

147 2059 288 2109 constare
312 2067 402 2131 posse
427 2044 611 2122 existimem,
634 2059 670 2108 ut
693 2062 893 2132 opponantur
918 2067 989 2108 cum
1016 2047 1195 2110 authentice

149 2131 253 2210 litere,
269 2154 323 2194 seu
338 2130 489 2217 epistolae,
505 2131 664 2217 quomodo
682 2129 769 2216 loqui
789 2130 887 2194 solent
904 2130 1120 2216 jurisconsulti
1137 2155 1192 2194 ve·

149 2230 238 2296 teres,
253 2216 442 2303 apographis
456 2240 574 2295 earum,
588 2231 655 2280 tum
672 2240 745 2280 vero
758 2217 884 2281 Grrecus
898 2218 1087 2280 authenticus
1100 2217 1194 2282 inter-

147 2303 313 2388 pretationi
329 2303 463 2367 Latinae.
478 2306 481 2311 ⁴
883 2312 886 2316 '

193 2391 231 2453 P.
251 2407 321 2473 147.
345 2389 365 2453 l.
384 2408 435 2454 aa.
460 2403 603 2453 sonantes
622 2390 743 2472 vocem]
765 2391 908 2452 Irenaeus
922 2387 974 2451 lib.
989 2389 1060 2452 III.
1077 2411 1145 2475 cap.
1158 2410 1190 2475 3.

149 2474 204 2537 uhi
229 2474 268 2538 de
295 2476 467 2552 Clemente,
497 2476 571 2538 Cum
596 2477 696 2538 adhuc
719 2474 913 2537 insonantem
939 2474 1193 2559 praedicationem

149 2562 350 2642 apostolorum
363 2572 393 2624 et
408 2562 599 2624 traditionem
613 2571 684 2624 ante
697 2561 798 2624 oculos
814 2562 942 2623 haberet.

193 2646 277 2711 Ibid.
301 2647 323 2709 l.
341 2663 391 2730 27.
424 2646 507 2709 unde
532 2646 621 2710 nobis
644 2669 771 2732 quoque
794 2645 967 2709 authoritas
1017 2661 1109 2710 raesto
1129 2650 1189 2732 est]

151 2731 201 2795 Sic
216 2733 269 2796 lib.
284 2735 343 2796 IV.
358 2732 399 2795 ad
415 2732 611 2795 Marcionem
627 2755 656 2818 p.
668 2749 741 2816 505.
757 2733 839 2818 (cap.
849 2736 896 2816 5.)
922 2671 1112 2804 Quidetiam
1127 2733 1192 2797 Ro-

148 2819 231 2880 mani
245 2820 283 2881 de
296 2820 432 2900 proximo
445 2828 564 2883 sonent.
588 2820 736 2882 Rroxnr.
782 2820 887 2881 Totus
901 2817 987 2882 locus
1003 2818 1118 2905 dignus
1133 2832 1191 2895 est,

149 2918 185 2966 ut
199 2927 270 2967 cum
286 2904 335 2967 his
349 2905 538 2969 conferatur:
563 2904 723 2968 Videamus
737 2906 816 2988 quod
832 2905 880 2967 lac
892 2926 912 2967 a
928 2905 1029 2968 Paulo
1043 2906 1194 2969 Corinthii

150 2991 313 3070 hauserint,
329 2993 371 3053 ad
388 3012 479 3074 quam
498 2991 637 3074 reguiam
653 2991 777 3054 Galate
795 2991 858 3053 siut
877 2992 1045 3069 recorrecti,
1061 2993 1135 3075 quid
1150 2993 1191 3054 le-

147 3086 226 3159 gant
243 3077 463 3158 Philippenses,
483 3078 776 3153 Thessalonicenses,
789 3077 926 3158 Ephesii,
938 3078 1011 3160 quid
1025 3080 1117 3140 etiam
1130 3077 1194 3142 [ἰσ-

149 3163 232 3224 marri
256 3164 294 3224 de
314 3163 453 3243 proxima
476 3173 602 3234 sonent;
631 3164 736 3246 quibus
758 3163 948 3246 euangelium
973 3172 1002 3225 et
1025 3163 1138 3226 Petrus
1163 3173 1193 3226 et

150 3248 268 3310 Paulus
281 3248 429 3332 sanguine
442 3270 557 3330 quoque
571 3270 624 3310 suo
638 3249 793 3331 signatum
807 3248 999 3329 reliquerunt.
1035 3248 1194 3311 Habemus

150 3342 179 3394 ot
200 3333 329 3396 Joannis
355 3334 495 3397 alumnus
520 3333 668 3396 ecclesias.
716 3333 799 3395 Nam
824 3333 881 3394 etsi
902 3333 1107 3416 Apocalypsin
1128 3336 1194 3419 ejus

149 3419 292 3483 Marcion
313 3420 437 3501 respuit,
453 3421 526 3482 ordo
542 3429 641 3481 tantan
657 3420 858 3500 episcoporum
873 3420 915 3481 ad
929 3419 1075 3503 originem
1091 3442 1192 3483 recen-

148 3526 209 3583 sus,
226 3507 257 3567 iu
272 3505 444 3568 Johannem
458 3506 551 3567 stabit
565 3514 727 3568 auctorem.
762 3505 814 3567 Sic
831 3514 861 3567 et
882 3514 1048 3567 ceterarum
1065 3528 1191 3591 genero-

149 3592 226 3654 sitas
238 3592 470 3676 recognoscitur.

193 3677 277 3740 Ibid.
295 3677 317 3741 l.
333 3698 386 3761 31.
409 3674 542 3740 Joannis
567 3675 654 3739 exitu
675 3677 853 3759 coronatur]
874 3674 1007 3754 Scilicet,
1030 3676 1193 3764 Baptistae,

149 3759 250 3847 capite
265 3763 408 3826 abscisso.
434 3765 589 3826 Sarrana.

194 3849 230 3911 P.
247 3851 316 3928 148.
333 3849 355 3910 l.
370 3868 397 3915 a.
420 3845 652 3934 contesserarit]
670 3847 779 3911 Habet
794 3845 868 3910 edit.
886 3846 1031 3934 princeps
1047 3859 1195 3913 contesta-

151 3941 207 3996 tur.
247 3933 392 3998 Pithoeus
406 3935 476 3998 vult
488 3933 602 4020 legere,
618 3946 655 3996 ut
669 3933 765 3997 refert
781 3931 949 4012 Semlerus,
960 3944 1192 3998 contesseratur.

193 4018 279 4081 Ibid.
302 4019 323 4081 l.
339 4023 369 4084 6.
399 4035 431 4084 et
456 4021 530 4084 inde
556 4033 660 4106 portat
684 4019 792 4104 fidem]
821 4019 865 4080 Et
889 4020 960 4083 inde
985 4033 1074 4106 potat
1092 4020 1194 4099 fidem

152 4103 283 4188 (Paris.)
303 4105 438 4170 Franek.
461 4106 580 4191 Rigalt.
606 4105 698 4190 Conj.
720 4107 884 4167 Wouwer.
903 4116 933 4169 et
954 4107 1025 4169 iude
1046 4105 1088 4168 im
1133 4118 1195 4169 rtat

140 4188 248 4269 fidem.
266 4190 390 4269 Malim,
405 4192 536 4279 plantat.
562 4194 714 4256 Semnan.
756 4189 913 4254 Editionis
927 4191 1075 4279 principis
1088 4129 1193 4255 libio-

149 4297 220 4338 nem
237 4285 341 4357 portat
355 4278 505 4342 revocavi.

644 4384 701 4442 04
