2678 4830
156 316 220 380 108
507 313 848 378 TERTULLIANI

157 486 260 560 Deus
283 496 402 556 autem
427 509 499 556 non
518 484 628 572 vocis,
645 484 706 557 sed
726 483 841 557 cordis
864 480 1005 555 auditor
1027 495 1092 572 est,
1109 482 1204 556 sicut

159 610 380 697 conspector.
418 597 653 672 Daemonium
673 598 805 671 oraculi
823 599 967 698 Pythii:
986 597 1039 670 Et
1052 609 1205 687 mutum,

158 715 289 812 inquit,
306 712 472 812 intelligo
490 724 526 787 et
542 740 614 787 non
632 714 834 812 loquentem
852 713 1015 786 exaudio.
1050 714 1123 787 Dei
1142 741 1206 787 au-

159 858 215 904 res
240 856 368 903 sonum
395 830 612 928 expectant?
655 829 850 911 Quomodo
866 856 952 927 ergo
969 829 1082 902 oratio
1098 831 1206 904 Jonae

160 945 206 1020 de
222 957 345 1019 ventre
362 944 432 1016 ceti
448 970 513 1042 per
529 955 639 1018 tantae
656 944 779 1017 bestiae
791 944 919 1034 vicera,
932 946 978 1017 ab
996 943 1082 1043 ipsis
1100 946 1234 1044 abys·5

161 1060 208 1133 sis
236 1085 300 1158 per
325 1070 463 1131 tantam
495 1057 646 1156 aequoris
676 1058 812 1131 molem
843 1058 887 1131 ad
919 1059 1055 1132 coelum
1086 1060 1207 1157 potuit
1248 1156 1251 1160 ‚

162 1175 334 1250 evadere?
372 1171 470 1257 Quid
490 1173 643 1272 amplius
661 1173 814 1246 referent
830 1174 900 1264 isti,
917 1174 979 1271 qui
997 1174 1124 1249 clarius
1143 1174 1208 1247 ad·

162 1304 278 1380 orant,
293 1289 362 1362 nisi
380 1291 478 1386 quod
494 1287 668 1387 proximis
686 1288 921 1387 obstrepunt?
955 1289 1037 1362 Imo
1054 1289 1208 1388 proden-

163 1407 211 1479 do
234 1404 426 1505 petitiones
450 1430 542 1493 suas,
560 1402 647 1500 quid
670 1403 790 1476 minus
815 1402 966 1492 faciunt,
984 1429 1093 1500 quam
1116 1404 1145 1476 si
1168 1404 1206 1476 in

163 1520 310 1622 publico
326 1520 452 1592 orent?
1056 1571 1059 1578 -
1222 1557 1257 1596 10

37 1660 122 1711 oar.
212 1633 298 1707 Alia
318 1633 395 1729 jam
424 1631 645 1706 consuetudo
667 1631 830 1725 invaluit,
845 1636 861 1731 j
879 1635 1063 1732 junantes‚
1084 1635 1211 1708 habita

1 1725 140 1842 „mid
165 1749 326 1823 oratione
350 1775 435 1821 cum
461 1748 641 1835 fratribus,
665 1747 883 1821 subtrahunt
908 1748 1073 1821 osculum
1099 1747 1211 1847 pacis,

165 1864 263 1963 quod
280 1877 334 1937 est
352 1863 576 1962 signaculum
595 1860 776 1934 orationis.
820 1861 975 1944 Quando
994 1874 1113 1936 autern
1133 1889 1211 1935 ma·
1245 1941 1250 1947 ,

166 1983 220 2081 gis
250 1977 466 2053 conferenda
496 2003 579 2053 cum
611 1976 777 2049 fratribus
807 2001 879 2074 pax
906 1988 971 2066 est,
997 1977 1065 2049 nisi
1095 2002 1210 2073 quum

166 2096 280 2170 oratio
309 2091 632 2167 commendabilior
658 2089 828 2176 ascendit,
854 2104 896 2164 ut
923 2091 991 2190 ipsi
1018 2090 1064 2164 de
1091 2104 1257 2182 nostra15

166 2210 373 2311 operatione
393 2207 597 2308 participes,
607 2204 687 2299 jam
711 2204 866 2278 audeant
883 2206 928 2279 de
949 2233 1013 2278 sua
1036 2233 1125 2306 pace
1141 2206 1213 2278 fra-

167 2327 213 2401 tri
233 2325 450 2424 transigere?
489 2325 581 2406 Quae
603 2320 717 2394 oratio
739 2347 823 2394 cum
845 2321 998 2394 divortio
1020 2320 1133 2395 sancti
1156 2347 1213 2392 os-

169 2441 240 2516 culi
265 2440 425 2538 integra?
451 2464 559 2536 quem
578 2436 741 2511 Domino
758 2434 917 2507 officium
935 2435 1127 2509 facientem
1146 2435 1215 2508 im-

168 2553 269 2655 pedit
293 2553 388 2652 pax?
415 2553 521 2647 quale
547 2551 761 2624 sacrificium
789 2562 853 2635 est,
881 2576 998 2647 aquo
1025 2551 1100 2623 sine
1125 2575 1214 2648 pace

170 2667 369 2742 receditur?
402 2667 651 2761 Quaecumque
669 2665 829 2764 operatio
847 2665 904 2755 sit,
920 2692 995 2738 non
1012 2665 1080 2738 erit
1097 2665 1216 2764 potior
1226 2694 1263 2732 20

169 2787 340 2881 praecepti
366 2780 624 2868 observatione,
645 2805 717 2876 quo
736 2779 910 2874 jubemur
929 2781 1070 2876 jejunia
1094 2793 1216 2853 nostra

172 2898 297 2970 celare.
338 2896 364 2968 J
367 2922 426 2968 am
445 2895 541 2967 enim
560 2894 605 2966 de
622 2894 839 2967 abstinentia
856 2895 970 2966 osculi
988 2894 1216 2993 agnoscimur

165 3010 382 3107 jejunantes.
434 3009 504 3081 Sed
530 3021 568 3081 et
590 3009 619 3080 si
642 3035 713 3106 qua
735 3009 825 3081 ratio
843 3022 909 3097 est,
925 3035 971 3080 ne
988 3021 1109 3081 tamen
1130 3008 1217 3079 huic

172 3138 352 3226 praecepto
378 3150 458 3196 reus
484 3123 543 3211 sis,
567 3136 668 3220 potes
694 3123 806 3211 domi,
827 3125 856 3198 si
881 3126 984 3211 forte,
1006 3123 1100 3195 ‘iuter
1126 3149 1216 3220 quos

172 3243 281 3316 latere
298 3241 478 3339 jejunium
501 3239 538 3312 in
560 3251 679 3312 totum
697 3265 770 3311 non
787 3241 904 3326 datur,
921 3239 1060 3312 differre
1076 3263 1215 3337 pacem.
1228 3261 1263 3321 25

173 3349 408 3453 Ubicumque
432 3367 553 3428 autern
577 3354 662 3425 alibi
687 3355 932 3453 operationem
950 3368 1050 3427 tuam
1068 3354 1219 3426 abscon-

173 3473 256 3545 dere
278 3484 394 3570 potes,
411 3470 519 3543 debes
540 3468 748 3542 meminisse
770 3469 964 3568 praeccpti:
990 3469 1041 3542 ita
1058 3482 1095 3542 et
1110 3466 1218 3540 disci-

173 3586 283 3686 plinae
299 3585 395 3674 foris,
412 3597 449 3656 et
465 3582 716 3657 consuetudini
734 3582 834 3655 domi
851 3581 1056 3655 satisfacies
1105 3582 1166 3654 Sic
1183 3593 1220 3653 et

175 3699 234 3771 die
255 3699 408 3797 paschae,
426 3723 498 3795 quo
518 3698 724 3770 communis
741 3712 778 3768 et
801 3696 902 3792 quasi
926 3699 1073 3794 publica
1090 3695 1220 3792 jejunii

175 3812 300 3912 religio
317 3826 382 3902 cst,
400 3812 527 3885 merito
550 3811 764 3912 deponimus
786 3811 965 3901 osculum,
983 3811 1075 3883 nihil
1093 3837 1222 3884 curan·
1232 3840 1270 3896 30

176 3940 230 4001 tes
247 3924 293 3999 de
310 3925 525 3999 occultando
543 3926 641 4022 quod
659 3951 743 3998 cum
761 3924 930 3997 omnibus
947 3924 1134 3998 faciamus.

49 4062 132 4112 car.
190 4080 194 4085 ·
227 4040 401 4114 Similiter
423 4054 459 4113 et
486 4040 682 4113 stationum
708 4038 835 4113 diebus
862 4064 934 4111 non
959 4050 1090 4137 putant
1116 4038 1224 4138 pleri·

14 4127 151 4242 ῃθξξέ,
177 4181 248 4252 que
265 4153 521 4229 sacrificiorum
539 4153 759 4229 orationibus
784 4152 1107 4242 interveniendum,
1123 4150 1222 4250 quod

13 4257 94 4307 nibus.
