2678 4830
117 327 160 392 70
480 320 513 382 S.
531 315 800 381 HIPPOLYTI

119 492 365 599 ουργήσανεος
383 492 548 594 ἔμπειρον
566 491 625 567 καὶ
645 485 897 588 ἀνεκδιήγητον
914 484 1057 587 τέχνην,
1079 483 1164 563 ἀλλ’

120 620 144 722 ἢ
168 618 279 720 μόνον
301 621 439 720 ὁρῶντα
464 623 556 697 νοεῖν
580 617 640 694 καὶ
663 611 843 694 πιστεύειν
865 611 921 692 ὅτι
945 611 1052 715 ἔργον
1071 615 1167 690 θεοῦ

121 748 321 850 ἅνθρωπος.
353 745 443 848 Περὶ
461 741 499 823 δὲ
518 740 640 844 Λόγου
653 741 794 843 γε’νεσιν
809 736 933 841 ζητεῖς,
950 737 1061 842 ὅνπερ
1074 743 1163 831 βου-

122 876 243 971 ληθεὶς
267 873 287 950 ὁ
313 866 406 954 Θεῦς
432 865 560 971 Πατὴρ
585 867 774 969 ἐγέννησεν
792 869 841 949 ὡς
858 863 1050 963 ἠθέλησεν.
1110 863 1169 942 Oi

122 997 194 1101 γὰρ
223 997 393 1101 αὔταρκές
422 997 487 1074 σοι’
514 997 615 1074 ἐστιν
638 999 764 1092 μαθεῖν
789 991 842 1071 ὅτι
871 988 1010 1090 κόσμον
1032 992 1052 1069 ὁ
1075 986 1193 1080 Θεῦς5

123 1126 301 1225 ἐποίησεν·
333 1122 513 1201 ἀλλὰκαὶ
537 1118 648 1200 πόθεν
676 1121 857 1219 ἐποίησεν,
882 1123 1021 1223 τολμᾷς
1046 1115 1167 1217 ἐπιζη-

124 1259 214 1349 τεῖν;
236 1249 259 1351 ἢ
278 1252 341 1330 οῦκ
359 1249 529 1353 αὔταρκές
547 1249 612 1328 σοι’
627 1249 726 1326 ε’στιν
743 1251 883 1344 μαθεῖν,
900 1243 956 1323 ὅτι
973 1240 1060 1327 Υὶῦς
1074 1247 1170 1323 Θεοῦ

124 1413 186 1458 σοι
210 1377 418 1485 ἐφανερώθη
443 1381 491 1460 εὶς
516 1374 712 1478 σονιηρίαν,
743 1371 804 1452 ε’ὰν
831 1368 1048 1475 πιστεύσῃς,
1070 1365 1172 1448 ἀλλὰ

125 1509 182 1584 καὶ
211 1512 288 1589 πῶς
315 1501 485 1606 ἐγεννήθη
511 1499 604 1582 κατὰ
631 1506 793 1599 Πνεῦμα,
825 1502 1167 1599 πολεοτραγμονεῖς5

128 1632 200 1710 Καὶ
218 1628 283 1728 τὴν
301 1627 366 1728 μὲν
385 1627 477 1708 κατὰ
497 1628 618 1731 σάρκα
638 1627 806 1729 γε’ννησιν
824 1626 933 1703 αῦτσῦ
949 1623 992 1701 οῦ
1009 1622 1173 1705 πλείονες
1184 1660 1217 1698 10

125 1755 391 1856 ἐπιστεύθησαν
409 1754 654 1858 διηγήσασθαι
671 1751 770 1853 πλὴν
788 1751 863 1831 δύο.
922 1752 995 1829 Καὶ
1012 1746 1063 1829 σῦ
1079 1758 1170 1829 τολ-

126 1888 197 1988 μᾷς
222 1880 393 1985 ἐπιζητεῖν
417 1879 483 1981 τὴν
511 1879 603 1960 κατὰ
631 1886 780 1979 Πνεῦμα
807 1876 988 1980 διήγησιν,
1013 1874 1059 1975 ἢν
1086 1877 1171 1980 παρ’

126 2011 238 2116 ἑαυτῷ
261 2007 435 2115 φυλάττει
460 2005 605 2111 Πατὴρ,
631 2003 897 2086 ἀποκαλύπτειν
922 2005 1069 2103 μέλλων
1094 1999 1175 2082 τότε

128 2133 206 2246 (for.
221 2137 332 2243 ποτε)
351 2142 426 2221 τοῖς
448 2136 562 2236 ἁγίοις
585 2136 644 2212 καὶ
669 2133 782 2239 α’ξίοις
804 2134 889 2211 ἰδεῖν
909 2127 951 2211 τῦ
974 2127 1176 2233 πρόσωπον

127 2264 253 2362 αὐτοῦ,
285 2262 466 2366 Αῦταρκές
483 2295 545 2340 σοι
562 2260 637 2361 ἤτω
655 2257 697 2339 τὸ
711 2259 892 2363 εἰρημένον
909 2254 978 2337 ῦπῦ
995 2265 1060 2337 τοῦ
1076 2262 1171 2362 Χρι-
1187 2299 1198 2338 ι
1203 2294 1218 2356 5

127 2397 229 2469 στοῦ·
250 2387 339 2469 Ὅτι
352 2385 397 2468 rd'
407 2387 662 2490 γεγεννημένον
676 2388 715 2466 ε’κ
732 2392 797 2467 τοῦ
810 2382 1035 2483 Πνεύματος,
1053 2389 1173 2464 Πνεῦ-

127 2514 179 2616 rui
197 2518 309 2596 ἐστιν.
361 2515 493 2601 Καθὼς
515 2513 573 2594 διὰ
596 2521 660 2593 τοῦ
679 2509 870 2619 προφήτου
886 2509 953 2611 τὴν
969 2519 1035 2591 τοῦ
1052 2509 1176 2615 Λόγου

127 2643 296 2746 γέννησιν
320 2644 505 2743 σημαίνων
534 2640 588 2720 ὅτι
611 2641 833 2744 γεγέννηται,
857 2636 899 2720 τῦ
928 2636 966 2717 δὲ
993 2646 1072 2724 πῶς
1100 2648 1173 2748 φυ-

130 2923 197 2962 oere
211 2915 304 2960 artem
319 2908 380 2982 ejus
395 2905 445 2980 qui
465 2906 584 2972 creavit,
599 2906 631 2962 in
672 2905 802 2964 cundum
823 2903 975 2981 Spiritum,
995 2902 1111 2961 curiose
1131 2903 1174 2960 in-

130 2985 309 3058 experientia
326 2996 356 3042 et
376 3004 432 3043 usu
449 2986 585 3060 positam,
602 2998 632 3044 et
672 2986 781 3064 degas?
802 2986 895 3061 Atqui
908 2985 1131 3064 generationem
1146 3002 1175 3040 e·

129 3084 190 3121 non
215 3065 426 3132 enarrabilem3
459 3066 511 3124 sed
537 3067 632 3123 solum
668 3070 717 3143 jus
731 3064 892 3123 secundum
907 3084 1026 3124 carnem
1040 3082 1175 3122 enarrare

128 3145 256 3203 videndo
277 3146 439 3225 intelligere
460 3159 491 3205 et
513 3147 631 3205 credere
671 3166 732 3204 non
742 3146 874 3221 pluribus
883 3165 971 3221 quam
983 3145 1097 3203 duobus
1106 3163 1175 3202 con-

130 3227 208 3301 quod
227 3247 300 3303 opus
318 3228 374 3285 Dei
389 3240 433 3286 est
446 3228 545 3286 homo.
587 3228 632 3285 De
673 3226 816 3285 creditum
830 3238 884 3292 eat,
897 3236 928 3284 et
941 3237 975 3284 tu
985 3224 1076 3284 audes
1087 3243 1176 3302 gene-

128 3307 219 3365 Verbi
244 3319 344 3367 autem
365 3309 561 3387 generationis
585 3329 630 3366 ra-
671 3308 816 3365 nationem
844 3308 1005 3365 secundum
1035 3305 1178 3382 Spiritum

128 3387 209 3445 tione
231 3390 346 3464 quaeris,
368 3409 427 3464 qua
446 3390 525 3447 Deus
546 3390 633 3447 Pater
672 3388 804 3454 scrutari,
828 3406 916 3462 quam
938 3387 1015 3463 apud
1035 3405 1067 3444 ae
1092 3387 1178 3444 Pater

129 3487 269 3543 generare
289 3469 399 3534 voluit;
421 3470 572 3547 generavit
593 3470 630 3526 si·
673 3479 779 3532 servat,
793 3469 976 3526 revelaturus
994 3479 1066 3525 tune
1085 3466 1177 3525 Sano-

130 3558 181 3605 eut
194 3548 297 3606 voluit.
339 3549 408 3605 Non
427 3551 496 3607 satis
516 3551 632 3608 esttibi
673 3550 721 3614 tis,
737 3549 788 3623 qui
805 3560 839 3605 ut
856 3547 962 3606 faciem
982 3552 1045 3625 ejus
1057 3547 1178 3605 videant

131 3627 205 3683 scire
220 3628 298 3702 quod
311 3629 391 3685 Deus
404 3630 546 3687 mundum
562 3648 631 3686 con·
674 3630 754 3708 digni
769 3629 876 3687 erunt?
909 3628 988 3687 Satio
1006 3627 1084 3685 habe
1099 3626 1177 3702 quod

130 3707 215 3772 didit,
243 3708 300 3764 nisi
334 3709 441 3767 audeas
474 3711 631 3784 inquirere,
674 3710 829 3767 aChriato
850 3709 962 3767 dictum
983 3719 1048 3767 eet:
1074 3707 1180 3770 ⁸de

131 3786 278 3862 quomodo
293 3788 439 3846 condidit?
471 3790 540 3846 Non
555 3792 631 3847 suffi-
673 3800 764 3848 uotum
774 3799 856 3847 ester
866 3790 984 3864 Spiritu,
995 3788 1119 3864 Spiritus
1126 3796 1176 3853 eet,

131 3868 172 3924 cit
186 3868 240 3924 tibi
252 3886 438 3946 cognoscere,
450 3870 529 3944 quod
542 3870 632 3928 Filius
673 3872 749 3928 sicut
768 3890 821 3947 per
841 3871 1015 3947 prophetam
1032 3869 1179 3946 significat

129 3947 186 4006 Dei
209 3949 262 4006 tibi
284 3949 419 4025 apparuit
439 3948 476 4006 ad
497 3951 630 4017 salutem,
672 3951 763 4009 Verbi
783 3952 1006 4030 generationem
1027 3948 1106 4025 qnod
1129 3967 1178 4026 ge-

130 4030 156 4085 si
177 4040 277 4088 tamen
294 4030 325 4087 id
345 4029 454 4095 credis;
484 4031 534 4088 sed
554 4031 633 4088 insu·
671 4032 750 4089 nitus
771 4043 835 4090 est:
859 4031 1006 4108 quomodo
1026 4048 1108 4096 vero,
1130 4046 1179 4086 re·

130 4128 183 4183 per
206 4110 353 4184 quomodo
376 4110 492 4186 genitus
517 4121 561 4168 est
585 4130 631 4168 se·
672 4123 768 4170 servat
787 4112 865 4188 apud
883 4131 915 4170 ee
932 4113 963 4169 in
982 4122 1100 4186 tempus
1114 4127 1177 4168 oer-

565 4265 580 4294 ο
596 4255 653 4304 Joh.
666 4256 699 4303 iii.
714 4253 736 4303 6.
