2678 4830
235 316 286 380 IN
308 313 498 380 FIRMIL.
514 313 581 377 AD
601 313 634 376 S.
650 312 878 378 CYPRIAN.
894 312 1047 378 EPIST.
1105 315 1171 381 am

168 488 206 551 Ρ.
224 505 296 569 229.
313 487 336 550 l.
349 504 404 572 32.
427 484 663 571 revincendum]
682 487 732 549 An
747 486 790 548 ad
803 483 1047 549 revincendum?

168 574 208 637 P.
223 592 295 658 230.
312 573 334 635 l.
350 593 399 636 10.
422 594 486 635 non
501 570 566 635 sine
582 574 785 658 sacramento]
805 572 900 636 Hanc
914 594 981 636 esse
995 594 1099 635 veram
1112 570 1173 636 lec-

126 658 242 723 tionem
259 660 346 742 (narn
361 658 474 722 omissa
488 671 536 722 est
550 657 704 745 particula
716 681 780 722 aaa
796 657 828 720 in
850 657 956 722 MStis
971 672 1002 721 et
1016 657 1173 745 impressis

124 744 271 810 omnibus
292 762 407 832 praeter
428 744 638 809 Oxoniensem
659 744 701 808 ab
718 743 787 831 ipso
807 743 897 808 Fello
916 743 1114 830 adornatam)
1133 768 1173 809 ex

125 844 276 896 contextu
291 832 364 896 satis
379 844 426 895 est
440 830 658 905 manifestum
676 830 879 918 subjungitur
892 831 986 910 enim,
999 833 1175 918 baptizaret

125 940 244 1006 meoque
252 920 376 994 multos,
385 919 505 982 usitata
513 927 543 982 et
551 918 696 1006 legitima
704 919 800 982 verba
808 919 1071 1005 interrogationis
1080 941 1174 982 usur-

120 1027 219 1091 pans,
232 1014 268 1068 ut
280 1006 330 1069 uil
342 1006 522 1091 discrepare
536 1005 575 1068 ab
589 1005 795 1068 ecclesiastica
805 1006 921 1068 rerula
934 1006 1105 1069 videretur.
1128 1006 1175 1069 Et

126 1090 256 1177 quidem
266 1090 314 1154 vis
327 1089 505 1176 argumenti
518 1089 644 1177 periret,
656 1090 681 1154 si
696 1091 792 1154 verba
806 1053 953 1167 solennia,
966 1090 1175 1155 Eucharistiae

126 1176 386 1241 administrationi
400 1175 587 1264 praestituta,
601 1199 664 1241 non
678 1176 810 1240 fuissent
824 1189 955 1241 retenta.
988 1176 1176 1241 Proedicatio

128 1263 218 1344 solita
231 1263 358 1327 videtur
369 1263 430 1327 ista
444 1262 617 1343 ἀνάμνησις,
628 1285 726 1350 quam
741 1262 898 1327 Dominus
912 1263 979 1328 fieri
993 1264 1175 1342 mandabat,

127 1363 160 1414 et
174 1350 214 1413 de
227 1373 292 1436 qua
307 1352 351 1414 D.
365 1349 485 1413 Paulus
502 1370 517 1412 1
534 1351 607 1414 Cor.
619 1348 652 1413 ii.
665 1351 715 1416 26.
737 1349 959 1432 καταγγέλλετε
976 1350 1030 1415 τὸν
1046 1351 1177 1416 θάνατον

128 1441 181 1501 τοῦ
195 1439 314 1519 Κυρίου.
353 1437 403 1499 De
419 1450 491 1498 tuan
504 1435 641 1522 paschali
656 1458 751 1522 supra
764 1436 798 1498 in
813 1435 916 1520 Epist.
931 1436 972 1499 ad
988 1437 1094 1502 Caecil.
1109 1436 1176 1501 dic·

128 1537 208 1586 tum.
233 1525 314 1586 Rern
325 1521 405 1586 hanc
417 1521 530 1607 exequi
541 1521 667 1586 videtur
678 1523 702 1585 J
706 1521 827 1586 ustinus
839 1522 967 1609 Martyr
975 1523 1067 1609 Apol.
1076 1544 1104 1606 2.
1114 1524 1175 1604 (ι.)

130 1608 184 1672 ubi
202 1609 288 1688 dicit,
302 1607 529 1691 προσφέρεσθαι
546 1612 586 1694 τῷ
605 1615 769 1690 προεστῶτι
787 1608 840 1672 τὸν
859 1609 950 1690 &priv
970 1611 1019 1673 καὶ
1037 1609 1178 1691 ποτήριον

129 1697 234 1761 ὕδατος
249 1696 297 1759 καὶ
312 1694 465 1776 κράματος,
483 1695 531 1758 καὶ
544 1696 629 1762 οὗτος
646 1696 753 1775 λαβὼν
768 1694 853 1758 αἶνον
868 1696 916 1759 καὶ
931 1697 1020 1774 δόξαν
1035 1700 1075 1782 τῷ
1089 1696 1179 1777 πατρὶ

130 1787 189 1844 τῶν
214 1783 294 1845 ὅλων
318 1785 366 1845 διὰ
388 1786 441 1844 τοῦ
466 1782 610 1860 ὀνόματος
633 1785 686 1844 τοῦ
710 1783 775 1845 υἱοῦ
797 1781 844 1844 καὶ
867 1785 920 1844 τοῦ
940 1784 1105 1860 πνεύματος
1126 1785 1179 1845 τοῦ

131 1869 217 1948 ἁγίου
233 1867 400 1947 ἀναπέμπει
415 1869 471 1930 &a
516 1865 675 1952 Rigaltius
690 1865 744 1943 ait,
760 1864 928 1952 legendum
944 1866 1086 1931 videtur:
1110 1869 1179 1931 sive

129 1963 361 2016 sacramentum
374 1955 475 2018 solita
481 1955 677 2039 precationis
689 1955 824 2038 efferret.
851 1954 1094 2018 Sacramentum
1104 1973 1180 2039 pre-

130 2041 264 2103 cationis
288 2040 376 2116 dicit,
402 2039 660 2125 quemadmodum
690 2040 923 2115 Tertullianus,
947 2048 1179 2103 sacramentum

130 2127 295 2189 orationis.
326 2127 473 2189 Fuscus·
517 2125 776 2189 Eruditissimum
790 2125 876 2188 hunc
890 2124 992 2188 virum
1014 2125 1102 2212 sequi
1121 2148 1180 2211 par

130 2212 202 2288 fuit,
215 2211 266 2274 cui
281 2211 357 2274 etin
372 2211 481 2275 haere
496 2210 723 2298 obtemperavit
738 2209 971 2288 Tillemontius,
982 2213 1082 2275 Mem.
1092 2212 1179 2275 Eccl.

131 2298 164 2360 in
181 2297 255 2362 Vita
270 2297 444 2360 Firmiliani
460 2311 534 2360 tom.
548 2298 607 2360 IV.
622 2320 653 2384 p.
669 2316 740 2380 129.
756 2297 806 2361 ed.
823 2297 951 2360 Bruxel.
988 2297 1180 2361 Particulam

132 2382 229 2470 igitur
243 2383 431 2469 negativam,
448 2406 521 2468 quae
539 2382 571 2445 in
591 2397 679 2446 textu
702 2382 875 2446 Baluziano
888 2405 1052 2469 perperam
1068 2382 1182 2448 omissa

132 2482 190 2546 est,
206 2469 309 2532 verbis
328 2468 477 2567 praemisi,
493 2491 564 2532 cum
584 2468 617 2531 in
637 2492 712 2532 voce
732 2469 933 2533 antecedente
948 2470 1088 2533 Domino
1107 2469 1183 2533 olim

133 2555 281 2642 absorpta
295 2556 390 2619 fuisse
407 2555 516 2618 eadem
533 2553 703 2618 videretur.
749 2556 973 2619 Verumtamen
992 2555 1029 2620 cl.
1046 2559 1183 2621 Murano

133 2641 166 2704 in
182 2641 245 2705 Vit.
261 2665 318 2704 sua
334 2640 486 2739 Cypriani
505 2640 564 2704 hoc
585 2664 623 2705 ex
645 2640 817 2705 imitatione
838 2643 1023 2706 Graecorum
1043 2642 1182 2729 positum

134 2728 270 2792 videtur.
307 2730 341 2791 Is
355 2727 473 2791 ibidem
488 2741 596 2791 contra
610 2725 798 2814 Rigaltium,
814 2727 870 2814 qui
884 2751 943 2814 pro
957 2729 1097 2806 vocibuS‚
1113 2731 1183 2794 siae

134 2823 330 2879 sacramento
349 2815 449 2878 solita
461 2815 714 2901 predicationis,
729 2813 804 2879 velit
823 2837 973 2902 reponere
988 2817 1056 2880 sive
1073 2838 1181 2880 sacra-

134 2911 273 2965 mentum
297 2901 398 2964 solita
415 2901 623 2987 precationis,
647 2923 687 2964 ex
713 2900 830 2965 Basilio
847 2903 894 2966 M.
917 2925 1042 2966 monere
1066 2901 1181 2989 pergit,

137 2989 287 3050 “Preces
308 2985 340 3049 in
363 2986 512 3051 sacrificio
532 2985 600 3050 fieri
622 2986 721 3051 solitae
739 3001 892 3052 vocantur
913 2989 1000 3075 apud
1021 2988 1117 3053 Basil.
1131 3011 1183 3076 ep.
1288 3061 1292 3069 ¹

137 3081 158 3111 “
174 3072 264 3136 ccxli.
292 3075 521 3153 έκκλησιαστικὰ
550 3075 729 3155 κηρύγματα,
753 3076 999 3161 pradicatiaaes
1025 3076 1181 3140 ecclesias·

138 3168 161 3198 “
177 3160 275 3223 tica.''
289 3182 322 3245 p.
334 3159 435 3222 cxviii.

181 3245 263 3309 Ibid.
279 3244 299 3308 l.
314 3265 332 3309 2
334 3261 364 3330 5.
381 3244 478 3331 Apud
493 3245 586 3331 quos]
606 3244 792 3309 Haereticos.

181 3334 219 3396 Ρ.
232 3352 303 3416 231.
319 3330 341 3396 l.
357 3352 385 3397 2.
402 3330 460 3395 nisi
475 3330 500 3395 si
515 3354 534 3394 a
549 3330 676 3395 Christo
692 3330 845 3416 Spiritum
858 3330 975 3416 induit]
992 3334 1073 3397 Haec
1089 3331 1185 3420 scrip-

137 3417 176 3482 sit
194 3418 227 3481 in
243 3417 312 3481 loco
325 3417 398 3515 plus
413 3417 506 3482 semel
521 3432 692 3482 memorato
706 3417 745 3480 cl.
758 3419 923 3496 MaranuS,
941 3420 1060 3482 “Cum
1078 3418 1184 3482 existi-

137 3513 159 3544 “
174 3518 274 3568 maret
297 3504 499 3568 Firmilianus
520 3503 712 3567 adversarios
734 3526 807 3567 suos
825 3503 857 3567 in
877 3504 1034 3591 baptismo
1052 3504 1128 3569 foris
1144 3505 1185 3570 ab

138 3599 159 3630 “
175 3590 291 3654 adultis
304 3604 448 3678 suscepto
464 3589 582 3654 Christi
596 3590 728 3678 gratiam
744 3613 921 3676 agnoscere,
938 3591 981 3655 sic
996 3615 1048 3655 eos
1062 3591 1186 3673 refellit,

139 3685 160 3716 “
176 3678 265 3740 Nam
278 3679 308 3740 si
323 3700 387 3740 noa
401 3679 743 3764 meutitur-Spiritus
757 3679 904 3742 Sanctus.
940 3677 1028 3741 Illud
1042 3681 1107 3742 uisi
1121 3681 1150 3742 si
1164 3701 1187 3742 a

139 3771 161 3802 “
179 3763 306 3827 Christo
326 3766 356 3829 S
376 3766 488 3828 iritum
510 3763 627 3842 induit,
648 3762 730 3827 idem
754 3763 837 3828 valet
855 3787 891 3828 ac
911 3779 982 3850 post
1003 3765 1184 3840 Christum

140 3855 161 3886 “
177 3870 234 3912 nec
273 3788 420 3914 robaliilis
438 3863 485 3914 est
507 3850 685 3936 conjectura
706 3850 838 3914 Cauchii
858 3863 889 3914 et
912 3851 1055 3931 Pamelii,
1069 3851 1124 3937 qui
1144 3850 1188 3914 le

140 3941 162 3973 “
177 3873 316 4019 gendirm
336 3950 461 4023 putant,
474 3937 553 4000 Nisi
566 3939 595 3999 si
609 3957 630 3999 a
646 3937 772 4002 Christo
787 3938 949 4024 Spiritum
968 3960 1032 4001 aaa
1049 3936 1187 4001 induit.''

140 4022 220 4099 Quae
234 4022 362 4085 Marani
376 4022 453 4086 mihi
468 4022 596 4108 quidem
610 4021 697 4086 haud
712 4023 918 4090 satisfaciunt.
964 4024 1050 4102 Quid
1065 4022 1090 4087 si
1104 4022 1188 4112 lega-

141 4119 203 4182 tur,
219 4108 285 4171 uisi
298 4110 366 4172 siae
381 4112 512 4196 Spiritu
528 4110 692 4174 Christum
706 4111 838 4176 iuduit?

184 4193 224 4256 P.
245 4212 319 4278 233.
343 4193 365 4257 l.
386 4216 416 4260 2.
445 4198 679 4282 convertantur]
710 4198 763 4261 De
787 4195 900 4261 celebri
928 4195 1101 4283 quaestione
1127 4195 1188 4260 hoc

141 4300 242 4342 unum
256 4279 401 4359 monebo,
416 4281 548 4347 existere
562 4297 749 4370 argumenta
763 4285 804 4348 ab
818 4282 916 4348 altera
929 4295 1019 4370 parte
1039 4280 1187 4367 tempori·

637 4387 696 4449 u4
