2678 4830
350 364 598 430 ADVERSUS
622 365 783 429 OMNES
807 365 1048 430 HAERESES.
1159 369 1223 432 215

222 537 261 600 P.
277 538 346 623 165.
363 535 385 598 l.
401 557 450 599 11.
472 535 608 622 denique
622 538 645 598 J
647 558 733 599 esum
749 534 911 601 Christum
926 535 1135 626 descendisse]
1148 539 1219 602 Ad-

175 621 315 686 dendum
330 623 362 685 in
376 634 448 685 ante
460 623 573 685 Jesnrn
586 621 708 685 monuit
724 621 889 685 Semlerua

220 710 256 771 P.
274 710 343 772 166.
359 707 379 770 l.
391 726 424 792 5.
441 707 506 770 Hic
520 731 560 770 ex
574 707 732 771 occasione
747 709 819 795 baa]
836 709 935 770 Hunc
949 705 1111 793 scripturae
1125 731 1220 774 sacrae

175 793 278 857 locum
303 816 375 857 cum
402 793 574 878 quaestione
596 793 635 857 de
657 793 776 880 origine
800 793 872 856 mali
896 793 1107 879 conjungebat
1130 796 1219 859 Mar-

175 879 255 957 cion,
270 879 325 966 qui
340 880 420 943 duos
436 881 522 944 Deos
537 879 713 944 Cerdonem
734 879 874 943 imitatus
891 893 1058 966 propterea
1075 879 1219 945 introdu-

174 966 272 1029 cebat.

218 1051 303 1115 Ibid.
318 1049 380 1132 l.7.
404 1051 512 1113 eadem
535 1048 652 1139 dicere]
677 1053 784 1129 Forte,
803 1053 909 1114 eadem
930 1049 1045 1129 dicens,
1068 1051 1127 1115 nisi
1149 1053 1220 1138 quis

174 1137 255 1201 forte
270 1135 355 1212 velit,
371 1138 534 1220 eademque
548 1136 659 1200 dicere.
684 1139 707 1199 J
709 1158 821 1200 nurus
856 1136 908 1200 Ita
928 1136 1097 1201 Rhenanus
1114 1141 1221 1202 eadem

174 1224 273 1286 dicere
292 1222 424 1286 retinere
439 1223 590 1298 voluerat,
607 1223 703 1286 verbo
718 1233 844 1286 conatus
858 1233 904 1285 est
919 1246 958 1286 ex
972 1224 1221 1309 praecedentibus

175 1308 353 1372 subaudita.
394 1310 461 1394 Sup
485 1308 547 1371 lere
562 1317 592 1370 et
605 1322 678 1372 ante
692 1308 800 1371 eadem
816 1306 885 1372 vult
901 1310 1076 1373 Annotator
1090 1310 1129 1374 ad
1144 1311 1218 1376 edit.

175 1395 361 1458 Romanam.
409 1331 484 1456 SedJ
485 1394 614 1457 fortasse
629 1395 735 1457 eudem
748 1393 853 1456 dicens
867 1395 1098 1479 praeferendum
1112 1411 1167 1460 est.

219 1479 304 1543 Ibid.
320 1479 342 1542 l.
357 1499 408 1559 14.
431 1478 462 1541 in
486 1502 609 1543 caruem
633 1502 720 1543 suam
743 1479 848 1565 lapsus
870 1483 928 1564 est]
950 1481 1101 1568 Superius
1122 1505 1218 1547 anno-

174 1579 240 1630 tata
251 1565 323 1628 vide
338 1564 379 1628 ad
394 1564 583 1628 Tertulliani
594 1567 648 1629 De
664 1567 797 1629 Prcesn.
814 1587 882 1651 cap.
893 1586 945 1650 30.

218 1651 302 1715 Ibid.
326 1650 345 1713 l.
367 1653 416 1713 16.
445 1650 573 1714 infinitis
594 1650 806 1737 superioribus
827 1652 983 1739 partibas]
1011 1654 1128 1739 begere
1150 1654 1219 1719 vult

174 1738 195 1802 J
197 1737 291 1801 unius
303 1737 422 1818 irrfiniti.
458 1736 570 1800 Malim
586 1759 735 1823 reponere
748 1736 779 1799 in
795 1739 921 1823 irfinitis
935 1741 1133 1821 superioribas
1144 1762 1216 1822 par-

175 1825 261 1886 tibus.
308 1822 418 1886 Habes
441 1845 546 1910 supra,
572 1824 604 1885 in
628 1824 753 1886 summis
779 1833 807 1886 et
832 1824 895 1887 illis
918 1825 1045 1910 infinitis
1070 1827 1217 1907 partiam.

174 1932 338 2058 callbiildl.
353 1910 503 2078 ilpuHoe
520 1995 588 2058 vult
601 1995 717 2083 videri]
736 1994 924 2081 legandum
941 1997 1018 2073 hinc,
1035 1995 1084 2059 vel
1099 1999 1138 2060 ab
1153 1999 1216 2062 hoc.

174 2083 197 2143 J
199 2081 301 2144 unius.
324 2083 379 2144 An
395 2081 473 2158 hnic,
489 2082 545 2144 ie.
561 2081 690 2145 abhoc?
713 2084 867 2146 Susanna.
915 2082 1152 2146 Praeferendum
1172 2083 1224 2146 vi-¹

174 2166 278 2245 detur,
294 2167 412 2231 abhoc.

219 2256 255 2317 P.
275 2252 384 2336 167.‚l.
405 2273 431 2316 1.
456 2251 631 2315 animarum
651 2253 787 2317 solarum
808 2252 884 2316 dicit
904 2251 1051 2340 salutem]
1068 2253 1118 2316 An
1134 2256 1219 2318 docet

174 2337 565 2512 priliizditlieggenpiiiiiiitias]
583 2425 766 2489 Esotericas

220 2510 303 2574 Ibid.
324 2511 344 2573 l.
363 2529 413 2592 17.
441 2511 522 2574 Sunt
543 2510 624 2573 enim
648 2510 1217 2600 qui—dhautun-pronuntientur.]

177 2596 209 2659 Si
221 2596 298 2682 quid
309 2597 404 2659 refert
416 2618 465 2658 me
476 2596 534 2660 hoc
545 2595 663 2674 fecisse,
674 2595 815 2660 revocavi
826 2619 865 2659 ex
877 2595 964 2660 editt.
977 2594 1220 2680 Rhenaniprin-

175 2682 243 2829 cipe
264 2696 296 2746 et
318 2681 460 2745 Parisina
481 2684 622 2746 dicantur
642 2704 701 2780 pro
720 2683 873 2760 dicuntur,
891 2694 923 2745 et
944 2704 984 2744 ex
1003 2682 1052 2746 ed.
1076 2682 1218 2746 Rhenani

177 2790 196 2830 u
211 2768 286 2831 tima
296 2782 328 2832 et
343 2768 484 2831 Parisina
501 2767 620 2850 (deficit
634 2790 717 2830 enim
731 2767 763 2830 in
779 2767 830 2830 ed.
845 2766 986 2853 principe
999 2768 1132 2833 alterum
1147 2792 1216 2834 ora·
1333 2850 1335 2853 .

175 2854 268 2918 tionis
280 2854 469 2935 membrum)
483 2854 710 2935 pronuntientur
724 2875 782 2940 pro
796 2852 965 2917 indicativo
975 2857 1215 2935 pronuntiantur.

176 2940 333 3004 Pamelius
347 2963 386 3003 ex
402 2941 475 3002 MS.
491 2939 642 3002 Vaticano
657 2940 797 3003 dicuntur
811 2938 983 3002 substituit.

219 3026 303 3090 Ibid.
319 3027 337 3088 l.
356 3044 407 3091 21.
431 3038 462 3088 et
480 3048 677 3090 communem
698 3025 825 3113 quidem
845 3024 944 3110 illam]
965 3023 1083 3088 Melius
1097 3025 1218 3090 abesset

174 3112 326 3199 particula
339 3121 378 3176 et.

219 3197 301 3261 Ibid.
324 3197 343 3260 l.
359 3217 412 3281 30.
436 3198 564 3261 Blastus
587 3197 736 3261 accedens
760 3198 831 3281 aa]
861 3195 947 3259 Hinc
970 3196 1091 3260 eruitur
1113 3221 1217 3279 causa,

173 3307 229 3347 cur
251 3282 439 3371 separaverit
460 3307 525 3346 sese
546 3283 587 3347 ab
609 3281 736 3347 ecclesia
758 3281 896 3359 Blastus,
916 3281 956 3345 ad
979 3305 1073 3369 quem
1098 3285 1130 3348 S.
1147 3286 1214 3348 Ire-

173 3392 260 3433 naeus
274 3394 291 3432 e
315 3368 435 3432 istolam
450 3369 534 3433 misit
548 3372 585 3432 de
600 3369 766 3432 schismate
785 3366 976 3453 inscriptam.
1009 3369 1126 3433 Confer
1145 3373 1214 3434 Eu-

173 3454 248 3518 sebii
263 3393 346 3519 elin.
359 3456 446 3519 Eccl.
463 3455 518 3519 lib.
529 3457 569 3519 V.
583 3478 674 3542 capp.
689 3475 739 3539 15.
752 3469 783 3518 et
796 3473 847 3521 20.
872 3454 945 3518 Vid.
960 3467 992 3518 et
1008 3478 1103 3542 supra
1116 3478 1149 3542 p.
1159 3476 1214 3542 34.

172 3540 302 3626 hujusce
317 3541 494 3606 voluminis.

217 3628 255 3690 P.
272 3629 343 3691 168.
362 3627 383 3691 l.
394 3648 425 3711 3.
450 3627 613 3691 Christum
632 3649 690 3713 pro
707 3625 832 3690 nomine
845 3627 1058 3714 adprehensus
1073 3628 1213 3717 negavit]

173 3712 330 3776 Editionis
354 3713 503 3799 principis
532 3712 692 3776 lectionem
721 3713 875 3791 revocavi,
902 3713 942 3776 ad
971 3736 1066 3798 quam
1096 3714 1215 3778 notavit

174 3797 352 3876 Rhenanus,
369 3808 462 3885 “pro
481 3798 617 3877 nomine,
632 3798 692 3861 hoc
710 3812 767 3876 est,
783 3800 824 3863 ob
842 3799 1064 3886 professionem
1083 3799 1215 3863 nominis

174 3891 195 3921 “
212 3883 410 3949 Christiani.''
447 3888 530 3949 Nam
549 3883 634 3948 istud
651 3885 726 3965 ὑπὲρ
746 3889 799 3948 τοῦ
818 3887 962 3964 ὀνόματος
981 3885 1148 3947 subaudita
1162 3891 1215 3949 τοῦ
1325 3894 1328 3900 ’

172 3975 313 4049 Χριστοῦ,
338 3970 460 4056 phrasis
486 3984 532 4035 est
560 3969 763 4055 scriptoribus
787 3968 944 4032 veteribus
971 3969 1115 4047 solennia,
1141 3993 1213 4055 quae

172 4069 299 4140 sumpta
320 4079 359 4119 ex
386 4056 548 4143 Scriptura
571 4057 601 4118 S.
627 4054 760 4117 videtur.
805 4053 926 4118 Videsis
945 4055 1101 4138 Reliquias
1125 4059 1213 4119 Sacr.

172 4140 234 4202 vol.
249 4143 317 4204 III.
333 4164 365 4227 p.
376 4157 450 4227 335.
466 4143 498 4204 in
514 4139 595 4204 notis
608 4139 649 4203 ad
666 4142 698 4205 S.
713 4143 843 4204 Petrum
859 4139 950 4203 Alex.
990 4142 1214 4204 Verumtamen

171 4240 280 4312 postea
297 4227 467 4291 Rhenanus
484 4227 516 4289 iu
537 4225 648 4290 ultima
667 4249 724 4291 sua
739 4225 874 4290 editione
893 4226 961 4290 haec
976 4226 1147 4305 substituit,
1163 4229 1215 4312 qui

168 4323 368 4398 posteaquam
383 4313 494 4376 Christi
508 4334 566 4395 pro
585 4313 714 4378 nomime
731 4313 931 4394 adprehensus
947 4322 992 4376 est
1010 4313 1043 4376 in
1063 4313 1214 4377 Christum

669 4418 721 4478 1²4
