2678 4830
129 336 193 399 258
509 334 540 396 S.
563 331 798 395 CYPRIANI

130 504 243 577 Hunc
267 504 430 601 fugatum
460 502 616 601 hospitio
633 503 749 576 Janus
773 513 983 601 exceperat;
1008 501 1055 575 de
1072 501 1179 598 cujus

128 621 277 693 nomine
293 619 504 694 Janieulum
528 617 664 692 dictum
684 632 750 708 est,
766 631 803 691 et
828 618 961 691 mensis
977 619 1179 692 Januarius

129 736 315 809 institutus
333 748 398 808 est.
427 736 509 834 lpse
528 736 664 808 bifrons
682 735 909 834 exprimitur,
926 734 1024 832 quod
1043 733 1079 807 in
1102 761 1180 807 me·

128 852 189 925 dio
212 851 428 925 constitutus
452 877 588 923 annum
613 851 847 949 incipientem
870 850 1003 950 pariter
1019 865 1056 922 et
1077 877 1177 923 reee-

127 966 272 1041 dentem
305 979 465 1066 spectare
492 967 665 1040 videatur.
719 966 840 1038 Mauri
871 992 953 1039 vero
982 965 1203 1044 manifestes

128 1110 229 1181 reges
259 1084 395 1170 colunt,
426 1109 492 1155 nec
519 1083 593 1155 ullo
625 1082 826 1155 velamento
852 1082 923 1154 hoc
949 1107 1080 1154 nomen
1109 1083 1178 1155 ob-

128 1210 267 1272 texunt.

177 1315 230 1389 ΙΙ.
259 1314 348 1388 Inde
374 1327 583 1414 pergentes
606 1327 643 1387 et
668 1313 869 1413 provincias
893 1313 1051 1412 singulas
1075 1315 1176 1389 varia

127 1432 277 1505 deorum
296 1432 419 1530 religio
438 1443 610 1517 mutatur,
628 1430 716 1505 dum
738 1456 810 1502 non
827 1455 921 1502 unus
940 1431 984 1503 ab
1002 1429 1174 1503 omnibus

126 1550 228 1622 Deus
251 1549 391 1636 colitur,
415 1547 476 1620 sed
500 1549 643 1647 propria
665 1547 795 1645 cuique
822 1546 998 1642 majorum
1024 1573 1172 1620 suorum
1187 1575 1224 1614 10

126 1666 267 1739 cultura
284 1678 451 1737 servatur.
480 1663 565 1736 Hoc
582 1662 849 1737 ita·Alexander
866 1688 1019 1760 magnus
1037 1661 1170 1761 insigni

124 1780 308 1854 volumine
333 1779 376 1851 ad
401 1792 553 1851 matrem
578 1806 680 1852 suam
701 1778 825 1851 scribit
842 1792 942 1852 metu
961 1804 1034 1851 suoe
1048 1790 1172 1878 potes-

125 1894 209 1966 tatis
235 1893 417 1993 proditum
446 1893 513 1965 sibi
541 1892 586 1965 de
611 1893 679 1966 diis
706 1893 915 1966 hominibus
939 1920 960 1966 a
986 1891 1171 1966 sacerdote

126 2023 316 2101 secretum,
330 2009 427 2108 quod
445 2010 624 2106 majorum
642 2023 679 2083 et
695 2037 821 2110 regum
842 2010 1016 2083 memoria
1033 2023 1172 2084 servata

125 2126 183 2216 sit,
199 2126 284 2200 inde
302 2125 441 2200 colendi
465 2140 502 2199 et
524 2126 743 2201 sacrificandi
768 2127 857 2200 ritus
881 2126 1077 2200 inoleverit.
1130 2128 1170 2201 Si
1185 2154 1218 2214 15

125 2255 246 2317 autem
274 2241 466 2340 aliquando
492 2242 541 2315 dii
569 2244 642 2317 nati
671 2255 766 2333 sunt,
791 2270 855 2317 cur
884 2269 956 2315 non
988 2242 1172 2340 hodieque

125 2359 345 2433 nascuntur?
379 2358 462 2432 Nisi
486 2358 515 2431 si
539 2358 629 2431 forte
646 2359 792 2458 Jupiter
814 2359 943 2450 senuit,
960 2371 1022 2431 aut
1044 2371 1170 2457 partus

125 2474 163 2547 in
178 2476 326 2549 Junone
344 2471 485 2548 defecit.
533 2474 609 2547 Cur
624 2502 708 2549 vero
725 2474 810 2547 deos
827 2487 932 2574 putas
949 2502 1015 2574 pro
1033 2475 1172 2549 Roma-

124 2591 181 2663 nis
198 2619 314 2691 posse,
327 2618 418 2690 quos
438 2590 556 2663 videas
574 2590 665 2663 nihil
683 2616 750 2689 pro
768 2591 839 2662 suis
857 2589 1024 2664 adversus
1041 2618 1170 2665 eorum

125 2734 224 2781 arma
246 2708 421 2782 valuisse?
457 2708 705 2781 Romanorum
730 2707 826 2779 enim
849 2707 1058 2781 vernaculos
1080 2707 1169 2783 deos
1182 2736 1220 2775 20

123 2824 301 2897 novimus.
340 2823 408 2896 Est
426 2823 604 2896 Romulus
621 2822 804 2921 pejerante
821 2822 973 2896 Proculo
991 2822 1077 2896 deus
1094 2823 1169 2898 fac·

122 2954 193 3027 tus,
211 2952 247 3012 et
269 2939 386 3024 Picus,
404 2953 440 3011 et
461 2938 664 3029 Tiberinus,
681 2951 717 3011 et
740 2938 940 3028 Pilumnus,
958 2953 994 3013 et
1011 2940 1169 3032 Consus,

124 3083 233 3154 quem
260 3054 369 3128 deum
397 3054 544 3144 fraudis,
567 3055 665 3127 velut
693 3055 924 3129 consiliorum
950 3055 1071 3147 deum,
1095 3058 1169 3130 coli

124 3173 304 3247 Romulus
333 3171 447 3245 voluit
476 3184 666 3269 postquam
703 3171 740 3242 in
774 3184 919 3271 raptum
950 3171 1166 3246 Sabinarum

122 3288 272 3389 perfidia
289 3289 464 3389 provenit.
514 3287 633 3362 Deam
653 3314 797 3385 quoque
815 3288 1026 3362 Cloacinam
1037 3289 1166 3362 Tatius
1180 3314 1219 3375 25

123 3418 160 3478 et
176 3404 314 3477 invenit
331 3418 367 3478 et
384 3405 507 3493 coluit,
525 3406 699 3476 Pavorem
724 3403 905 3477 Hostilius
922 3417 1031 3503 atque
1048 3406 1167 3478 Pallo-

122 3548 211 3594 rem.
248 3522 341 3593 Mox
360 3549 380 3594 a
397 3522 519 3594 neseio
537 3548 609 3618 qno
628 3520 752 3593 Febris
770 3519 943 3611 dedicata,
960 3535 997 3595 et
1013 3521 1111 3595 Acca
1128 3535 1167 3595 et

122 3635 230 3708 Flora
250 3637 463 3709 meretrices.
506 3636 558 3709 Hi
577 3634 627 3708 dii
646 3636 816 3709 Romani.
859 3637 1041 3712 Caeterum
1063 3637 1165 3710 Mars

121 3751 308 3840 Thracius,
333 3765 368 3823 et
390 3752 535 3850 Jupiter
561 3751 737 3844 Creticus,
763 3766 800 3826 et
822 3754 922 3828 Juno
947 3754 1004 3828 vel
1030 3753 1165 3854 Argiva

121 3867 179 3941 vel
202 3865 322 3939 Samia
342 3868 397 3941 vel
425 3870 549 3957 Poena,
566 3879 602 3939 et
623 3867 747 3941 Diana
768 3869 931 3955 Taurica,
952 3882 988 3943 et
1014 3869 1163 3942 deorum
1174 3897 1219 3954 30

122 3996 238 4057 mater
255 3981 364 4072 Idaea,
377 3996 413 4056 et
422 3984 600 4082 AEgyptia
616 3997 793 4084 portenta,
810 4011 882 4057 non
900 3986 1066 4059 numina:
1084 4012 1166 4082 quae

122 4099 247 4198 utique
272 4099 299 4172 si
322 4099 408 4197 quid
431 4100 617 4200 potestatis
638 4100 859 4190 habuissent,
877 4128 941 4174 sua
958 4129 999 4175 ac
1017 4127 1166 4176 suorum

122 4241 233 4315 regna
263 4229 469 4290 servassent.
529 4217 641 4291 Plane
671 4229 756 4289 sunt
786 4217 881 4316 apud
913 4219 1098 4293 Romanus
1128 4232 1167 4292 et
