2678 4830
216 338 259 401 βο
346 336 379 399 S.
394 333 668 399 POLYCARPI
686 333 838 399 EPIST.
857 330 925 397 AD
945 330 1157 397 PHILIPP.

216 510 447 589 ἐνετείλασθε·
479 507 604 592 αἵτινες
622 506 899 608 ὑποτεταγμέναι
916 509 987 586 εἰσὶ
1009 511 1055 611 τῇ
1078 508 1252 613 ἐπιστολῇ

214 632 337 740 raom·
369 635 413 742 ἐξ
427 631 477 715 ‘3¹‘
493 633 636 738 μεγάλα
654 637 910 741 ειὠφεληθῆναι
928 629 1139 732 δυνήσεσθε.
1177 638 1249 712 Πε-

213 763 372 869 ριέχουσι
389 762 461 869 γὰρ
478 765 618 860 πίστιν,
639 766 698 842 καὶ
716 760 910 861 ὑπομονὴν,
932 764 990 841 καὶ
1012 767 1139 841 πᾶσαν
1156 767 1249 843 οἶκο-

214 889 325 992 δομὴν
342 891 408 992 τὴν
425 897 474 977 εἷο
490 889 553 972 τὸν
573 889 707 995 Κύριον
723 891 825 992 ἡμῶν
842 887 1057 989 ἀνήκουσαν.

212 1069 343 1127 misimus
356 1070 449 1135 vobis,
461 1069 621 1127 secundum
632 1069 710 1144 quod
751 1069 846 1126 tinent
860 1068 939 1125 enim
952 1067 1051 1134 fidem,
1068 1068 1273 1144 patientiam,5

212 1151 389 1217 mundastis3
413 1170 477 1226 quse
491 1162 559 1208 sunt
573 1152 710 1229 subjecte
751 1162 781 1207 et
807 1168 927 1208 omnem
960 1149 1183 1209 edificationem
1216 1151 1253 1209 sd

211 1232 280 1291 huic
293 1233 442 1309 epistolae:
462 1251 497 1290 ex
511 1232 615 1308 quibus
628 1251 709 1309 mug-
749 1231 908 1289 Dominum
941 1241 1074 1289 nostrum
1105 1231 1253 1308 pertinen·

211 1333 266 1373 nus
280 1314 363 1374 vobis
376 1314 433 1371 erit
445 1313 602 1391 profectus.
632 1313 708 1371 Con·
750 1324 822 1372 tem.

254 1443 301 1508 Et
321 1442 361 1506 de
382 1440 451 1529 ipso
473 1441 608 1529 Ignatio,
624 1456 656 1506 et
674 1441 715 1508 de
735 1441 809 1506 bhis
828 1440 884 1528 qui
904 1463 978 1506 oum
998 1464 1037 1507 eo
1058 1454 1144 1522 sunt,
1165 1443 1251 1533 quod

211 1544 326 1609 certius
339 1544 537 1632 agnoveritis,
553 1543 734 1632 signifionte.
1261 1564 1291 1605 ιο

254 1648 352 1713 XIV.
376 1650 458 1713 Haec
472 1646 561 1713 vobis
580 1648 687 1735 sen'psi
705 1671 762 1736 per
780 1650 987 1727 Crescentem,
1004 1669 1100 1734 quem
1116 1646 1152 1713 in
1169 1672 1251 1737 proe·

211 1762 328 1818 sentem
343 1750 425 1815 diem
440 1750 653 1816 commendavi
667 1750 765 1830 vobis,
781 1766 813 1816 et
832 1773 916 1815 nunc
933 1750 1126 1815 commendo.
1165 1753 1250 1828 Con·

211 1867 351 1919 versatus
371 1868 418 1919 est
439 1853 521 1919 enim
543 1854 704 1920 nobiscum
726 1853 974 1942 inculpabiliter:
1008 1853 1101 1919 oredo
1122 1854 1199 1942 quis
1219 1869 1252 1923 et

211 1957 371 2022 vobiscum
386 1956 533 2023 similiter.
570 1960 714 2023 Sororem
727 1970 832 2025 sulem
846 1959 914 2044 ejus
928 1956 1082 2022 habebitis
1095 1981 1251 2025 commen-

211 2060 328 2141 datam,
342 2084 442 2146 quum
456 2062 576 2127 venerit
588 2061 630 2126 nd
644 2084 710 2127 vos.
754 2059 931 2126 Incolumes
945 2073 1043 2127 estote
1061 2060 1095 2125 in
1111 2062 1250 2130 Domino
1261 2080 1289 2144 ις

211 2166 235 2230 J
236 2188 291 2231 esu
307 2163 442 2240 Christo,
458 2164 514 2229 ein
527 2164 638 2253 grstia,
653 2187 726 2229 cum
740 2164 885 2230 omnibus
898 2164 1016 2231 vestris.
1053 2167 1173 2235 Amen.

628 2321 668 2366 Eu
680 2318 829 2367 smithieds't.

287 2407 549 2469 amoenamus..
648 2407 792 2470 omnes.
892 2406 1174 2471 emmonem.
