2678 4830
375 307 439 370 DE
464 306 865 375 PRAEscRIPTIONE
888 309 1016 374 HAER.
1157 311 1221 375 lte

169 479 269 554 enim
286 478 466 579 apostolos
485 480 576 553 solet
592 480 721 570 faeere,
733 478 818 555 dare
836 480 905 554 illis
923 493 1094 580 praeterea
1109 480 1308 557 virtu-Marc

168 608 245 670 tem
270 593 397 668 eadem
422 596 525 694 signa
545 593 686 685 edendi,
703 623 784 694 quae
801 609 838 673 et
855 597 946 697 ipse.
999 599 1093 672 Volo
1110 597 1222 696 igitur

169 725 207 786 et
221 712 371 785 virtutes
390 739 514 786 eorum
532 711 704 812 proferri:
729 712 798 785 nisi
816 714 913 812 quod
932 741 1089 814 agnosco
1107 715 1222 789 maxi·

170 856 269 903 mam
296 830 467 902 virtutem
495 857 632 918 eorum,
650 857 722 928 qua
748 832 929 929 apostolos
951 833 989 905 in
1012 859 1220 932 perversum

142 947 407 1036 5aemulantur3
426 946 478 1018 illi
497 945 593 1018 enim
613 945 827 1021 demortuis
846 949 1080 1039 suscitabant,
1097 949 1157 1023 isti
1175 949 1222 1023 de

170 1064 258 1138 vivis
276 1076 439 1136 mortuos
456 1062 605 1135 faciunt.

221 1179 293 1252 Sed
318 1180 364 1252 ab
388 1205 537 1251 excessu
564 1192 718 1252 revertar
740 1179 785 1252 ad
808 1179 1112 1280 principalitatem
1131 1180 1222 1255 veri·
1265 1198 1333 1248 cn·

170 1297 247 1387 tati,
265 1309 302 1368 et
318 1295 565 1395 posteritatem
589 1294 814 1371 mendicitati
838 1296 1096 1394 deputandam,
1114 1324 1160 1373 ex
1177 1298 1222 1371 il·
1257 1263 1334 1314 XXX

170 1415 239 1494 lius
257 1439 402 1512 quoque
420 1413 598 1508 parabolae
616 1412 827 1510 patrocini0,
842 1440 922 1511 quoe
941 1415 1077 1488 bonurn
1097 1442 1220 1489 semen
1230 1433 1303 1485 Mae

125 1529 343 1609 rofrumenti
371 1556 392 1602 a
417 1527 581 1601 Domino
609 1529 825 1606 seminatum
851 1528 888 1606 in
912 1530 1070 1628 primore
1090 1533 1222 1606 consti·

171 1648 253 1738 tuit,
279 1670 471 1720 avenarum
501 1659 621 1717 autem
651 1645 779 1720 sterilis
804 1646 895 1720 foeni
928 1646 1144 1722 adulterium
1175 1651 1221 1723 ab

171 1764 320 1839 inimico
349 1762 494 1835 diabolo
522 1775 648 1860 postea
678 1762 896 1862 superducit.
948 1765 1094 1864 Proprie
1122 1765 1219 1839 enirn

171 1880 416 1956 doctrinarum
436 1877 707 1953 distinctionem
726 1881 869 1978 figurat,
886 1879 970 1978 quia
988 1894 1025 1954 et
1042 1881 1127 1956 alibi
1144 1899 1291 1955 ver-Lus
1321 1900 1335 1912 ··

172 2000 260 2072 bum
287 1996 360 2070 Dei
386 1995 535 2068 seminis
562 1994 659 2096 (for.
678 2008 719 2069 ut
745 1996 830 2070 alibi
853 1997 953 2071 verbi
980 1997 1054 2070 Dei
1082 2004 1220 2097 semen)

127 2113 372 2204 assimilitudo
398 2125 472 2197 est;
499 2112 548 2185 ita
574 2138 619 2185 ex
646 2113 726 2213 ipso
752 2113 877 2186 ordine
903 2114 1163 2206 manifestatur,
1185 2116 1221 2189 id

172 2261 250 2314 esse
267 2229 506 2309 Dominicum
524 2241 561 2302 et
577 2255 714 2320 verum,
732 2229 831 2328 quod
849 2230 894 2303 sit
911 2229 1010 2329 prius
1027 2231 1220 2306 traditum:

173 2351 210 2425 id
224 2362 346 2424 autem
360 2359 572 2421 extraneum
586 2359 623 2420 et
634 2347 777 2437 falsum,
791 2347 889 2445 quod
903 2349 949 2420 sit
963 2347 1137 2447 posterius
1151 2348 1222 2421 im-

174 2468 337 2541 missum.
377 2464 433 2539 Ea
451 2463 628 2536 sententia
646 2464 809 2538 manebit
825 2464 991 2538 adversus
1009 2466 1220 2564 posteriores

174 2610 336 2683 quasque
360 2582 533 2667 haereses3
561 2581 693 2678 quibus
715 2582 813 2654 nulla
840 2582 1041 2655 constantia
1063 2582 1109 2656 de
1135 2610 1221 2657 con·

128 2700 323 2777 nescientia
340 2698 517 2798 competit
534 2695 577 2769 ad
595 2695 857 2774 defendendam
878 2696 944 2770 sibi
962 2696 1161 2770 veritatem.
1208 2733 1210 2736 ·

224 2817 409 2905 Ceterum,
427 2814 456 2886 si
480 2839 563 2910 quae
587 2813 720 2889 audent
737 2813 946 2886 interserere
964 2841 1001 2886 se
1019 2814 1117 2887 aetati
1136 2841 1223 2915 apo·
1267 2838 1337 2886 cn·

176 2931 322 3021 stolicae,
338 2942 380 3003 ut
401 2929 482 3002 ideo
499 2928 688 3007 videantur
711 2930 756 3002 ab
779 2930 950 3029 apostolis
970 2930 1121 3022 traditae,
1139 2933 1224 3030 quia
1251 2902 1328 2953 XXX

176 3049 244 3121 sub
262 3045 432 3146 apostolis
449 3046 618 3131 fuerunt3
637 3072 829 3144 possumus
846 3044 984 3121 dicere:
1013 3046 1123 3122 edant
1139 3076 1225 3149 ergo

176 3163 329 3259 origines
347 3161 575 3235 ecclesiamm
595 3188 761 3236 suarum:
784 3160 950 3235 evolvant
967 3161 1130 3236 ordinem
1149 3166 1226 3264 epi·

130 3314 145 3353 2
150 3310 165 3372 5
177 3306 370 3380 scoporum
388 3305 548 3368 suorum,
565 3278 615 3350 ita
639 3305 704 3377 per
720 3277 961 3352 successiones
979 3280 1024 3351 ab
1043 3278 1146 3352 initio
1163 3280 1226 3354 de·

176 3411 392 3487 currentem,
405 3409 446 3468 ut
460 3395 599 3494 primus
618 3394 678 3467 ille
695 3394 887 3495 episcopus
905 3393 1063 3492 aliquem
1077 3422 1122 3469 ex
1140 3424 1226 3496 apo·

177 3513 278 3586 stolis
296 3514 350 3586 vel
375 3511 580 3612 apostolicis
599 3510 694 3609 viris,
712 3511 775 3610 qui
798 3524 921 3585 tamen
946 3538 1030 3584 cum
1054 3515 1226 3613 apostolis

176 3630 465 3730 perseveraverit,
483 3628 652 3702 habuerit
675 3642 871 3719 auctorem,
895 3641 931 3702 et
954 3642 1225 3704 antecessorem.

177 3748 263 3821 Hoc
293 3746 390 3820 enim
421 3745 531 3819 modo
560 3745 722 3820 ecelesiae
753 3746 959 3847 apostolicae
985 3772 1113 3819 census
1143 3772 1225 3819 suos

128 3864 362 3955 30deferunt:
394 3863 486 3937 sicut
513 3861 780 3961 Smyrnaeorum
809 3862 959 3937 eeclesia
985 3863 1225 3962 Polycarpum

177 3983 222 4054 ab
247 3981 390 4055 Joanne
418 3980 647 4054 conlocatum
673 3978 800 4054 refert:
836 3980 930 4054 sicut
961 3977 1225 4063 Romanorum,

177 4098 405 4177 Clementem
427 4125 447 4171 a
471 4098 577 4170 Petro
592 4094 797 4170 ordinatum
816 4094 964 4195 itidem:
989 4093 1139 4197 perinde
1154 4094 1226 4168 uti-

177 4241 248 4312 que
264 4227 302 4287 et
317 4227 444 4288 ceterae
461 4213 647 4302 exhibent,
664 4238 756 4312 quos
773 4214 819 4286 ab
837 4211 1007 4311 apostolis
1030 4211 1068 4284 in
1085 4208 1225 4311 episco-
