2678 4830
286 602 333 702 S.
364 602 657 707 CAECILII
692 603 1048 710 CYPRIANI

613 850 718 893 LIBER

191 1008 283 1091 DE
323 1011 716 1098 IDOLORUM
755 1015 1141 1098 VANITATE.

518 1276 809 1324 *—

147 1466 256 1546 Quod
269 1466 369 1541 idola
386 1467 438 1542 dit
454 1494 526 1542 nun
541 1469 637 1554 sint,·
662 1479 697 1543 et
714 1469 811 1568 quod
826 1469 934 1544 Dens
950 1496 1046 1544 unus
1061 1472 1134 1555 sit,·
1154 1482 1189 1544 er

114 1615 131 1676 5
200 1585 299 1682 quud
307 1609 377 1682 per
398 1585 585 1660 Christum
601 1584 704 1659 salus
721 1586 950 1660 credentibus
967 1587 1055 1661 duta
1071 1587 1130 1660 sit.

142 1766 174 1840 Ι.
193 1729 353 1844 DEOS
376 1795 450 1842 non
473 1795 550 1843 esse
576 1796 666 1866 quos
690 1769 777 1844 colit
796 1770 926 1870 vulgus
950 1770 1036 1843 hinc
1060 1781 1188 1843 notum

33 1884 45 1903 ‘
142 1895 217 1957 est:
249 1911 350 1983 reges
380 1885 466 1957 olim
503 1885 660 1976 fuerunt,
691 1886 753 1983 qui
785 1887 832 1958 ob
862 1885 1017 1984 regalem
1049 1911 1189 1958 memo-

140 1998 231 2073 riam
260 2001 330 2074 coli
360 1999 455 2100 apud
487 2026 569 2074 suos
600 2000 833 2100 postmodum
865 2002 975 2074 etiam
1005 2002 1043 2074 in
1073 2015 1189 2074 morte

141 2128 342 2218 coepcrunt.
392 2116 485 2190 Inde
506 2117 579 2190 illis
603 2117 768 2190 instituta
788 2119 936 2216 templa,
953 2117 1039 2190 inde
1060 2116 1104 2189 ad
1126 2117 1188 2190 de-

97 2233 348 2308 10lunctorum
362 2236 483 2308 vultus
501 2259 567 2333 per
582 2233 779 2332 imaginem
793 2231 1005 2307 detinendos
1023 2259 1190 2332 expressa

142 2347 358 2432 simulacra3
396 2358 433 2420 et
462 2346 700 2421 immolabant
729 2348 876 2436 hostias,
906 2361 944 2422 et
972 2349 1048 2422 dies
1078 2349 1188 2422 festos

141 2474 242 2535 tanto
267 2462 403 2534 honore
425 2462 665 2536 celebrabant.
718 2463 810 2536 Inde
826 2464 976 2563 posteris
993 2465 1088 2538 facta
1106 2478 1190 2538 sunt

143 2604 241 2652 sacra
257 2603 340 2676 quae
357 2577 483 2678 primis
507 2579 650 2652 fuerant
674 2592 858 2678 assumpta
882 2580 1018 2653 solatia.
1069 2581 1120 2654 Et
1137 2581 1190 2656 vi-

141 2693 289 2768 deamus
307 2722 354 2768 an
373 2694 419 2767 sit
436 2707 472 2767 et
493 2695 571 2768 haec
594 2694 690 2793 apud
708 2695 868 2793 singulos
885 2695 1025 2770 veritas.
1078 2697 1189 2771 Meli-

97 2845 129 2903 15
142 2825 254 2885 certes
272 2824 308 2884 et
325 2811 535 2885 Leucothea
551 2809 822 2911 praecipitantur
838 2811 877 2884 in
895 2812 1018 2899 maria,
1036 2826 1073 2887 et
1094 2816 1189 2888 fiunt

140 2925 372 3026 postmodum
394 2927 501 3000 maris
519 2927 681 3001 numina.
732 2927 898 3002 Castores
917 2928 1061 3002 alternis
1080 2931 1189 3003 mori·

141 3055 253 3116 untur
279 3053 322 3115 ut
351 3042 482 3117 vivant.
525 3043 757 3144 AEsculapius
784 3055 824 3117 ut
849 3044 888 3116 in
913 3045 1037 3118 Deum
1065 3059 1188 3146 surgat

140 3158 362 3233 fulminatur.
426 3159 604 3233 Hercules
634 3172 676 3234 ut
706 3160 893 3234 hominem
924 3172 1033 3234 exuat
1063 3163 1186 3236 OEteis

139 3274 283 3372 ignibus
302 3288 561 3349 concrematur.
603 3275 737 3376 Apollo
759 3275 918 3350 Admeto
941 3302 1051 3376 pecus
1075 3278 1185 3376 pavit.

95 3390 380 3464 20La0medonti
405 3417 526 3464 muros
551 3390 747 3490 Neptunus
771 3391 939 3482 instituit,
962 3419 1030 3467 nec
1052 3419 1186 3469 merce·

139 3506 223 3579 dem
247 3507 364 3606 operis
388 3505 516 3580 infelix
540 3518 694 3580 structor
717 3507 867 3608 accepit.
908 3507 1064 3582 Antrum
1082 3511 1186 3586 Jovis

140 3620 179 3693 in
206 3620 316 3695 Creta
341 3621 478 3712 visitur,
503 3637 540 3695 ct
570 3624 773 3721 sepulcrum
806 3622 883 3719 ejus
914 3623 1125 3715 ostenditur,
1149 3639 1187 3700 et

142 3737 187 3808 ab
201 3763 244 3809 eo
258 3737 455 3810 Saturnum
472 3739 638 3838 fugatum
657 3766 733 3812 esse
751 3739 982 3813 manifestum
1001 3753 1075 3825 est;
1099 3740 1186 3815 inde

139 3848 287 3922 Latium
305 3852 351 3926 de
368 3854 504 3928 latebra
520 3854 597 3950 ejus
615 3880 749 3928 nomen
767 3855 917 3955 accepit.
957 3855 1033 3928 Hic
1050 3856 1185 3929 litteras

94 3965 355 4065 25imprimere‚
372 3969 432 4044 hic
451 3971 592 4070 signare
609 3997 779 4045 nummos
798 3974 834 4044 in
853 3972 959 4046 Italia
975 3972 1113 4070 primus
1131 3972 1186 4043 in·
1248 3981 1252 3986 ’

139 4082 279 4178 stituit;
305 4083 389 4157 inde
411 4088 576 4163 aerarium
600 4089 744 4162 Saturni
768 4101 925 4161 vocatur.
976 4088 1028 4162 Et
1045 4087 1185 4161 rustici-

138 4198 221 4272 tatis
249 4199 310 4272 hic
336 4202 452 4276 cultor
477 4204 569 4290 lnit3
603 4204 689 4279 inde
713 4205 843 4279 falcem
869 4205 985 4278 ferens
1010 4203 1184 4304 pingitur.

653 4344 667 4384 S
