2678 4830
249 334 301 397 IN
326 334 359 397 S.
376 333 511 397 CYPR.
535 332 599 395 DE
623 331 747 395 ZELO
772 332 836 396 ET
860 331 1050 397 LIVORE.
1109 333 1173 396 343

125 504 213 593 apud
225 503 301 568 edit.
314 506 431 583 Oxou,
446 502 552 568 codice
567 513 702 588 utroque
722 501 807 566 Novi
823 502 912 567 Colle
935 501 966 580 i,
982 517 1014 568 et
1030 505 1173 568 Tewate-

125 614 202 656 rano
216 590 339 655 firmata
353 603 411 655 est.
451 590 507 654 Ab
522 587 620 652 aitero
634 602 740 652 autem
755 610 895 653 meorum
934 588 1063 654 brorum
1078 611 1174 655 mem-

125 678 219 742 brum
232 676 292 740 hoo
306 677 405 741 abest.

170 766 208 828 P.
221 766 297 849 316.
312 763 334 826 l.
349 782 397 847 15.
421 784 486 849 quo
502 761 581 825 Cain
601 781 663 823 non
685 757 781 843 redit]
801 758 934 846 Recepit
952 760 985 824 in
1004 759 1172 826 editionem

127 872 214 916 suam
239 847 389 912 Baluzius
403 869 464 934 qao
480 849 565 913 Cain
584 867 648 910 noa
667 845 864 932 ingreditor,
883 846 990 934 aitque
1008 847 1091 912 hanc
1108 845 1173 911 lec-

128 936 255 1013 tionem,
271 957 366 1032 quam
387 932 505 998 habent
521 945 584 997 tres
600 929 672 994 libri
692 942 822 1010 veteres,
837 946 949 1019 putare
964 955 997 997 se
1010 956 1077 997 esse
1090 931 1174 1018 opti·

127 1044 222 1098 mam,
248 1018 341 1084 airam
367 1042 451 1098 vero,
479 1042 552 1105 quae
575 1017 671 1082 habet
695 1017 789 1096 redit,
814 1018 935 1083 falsam.
981 1019 1061 1083 Cain
1080 1017 1175 1096 enim,

151 1109 183 1172 ui
199 1119 354 1171 natusest
372 1119 540 1193 postquam
558 1116 703 1202 parentes
720 1102 788 1189 ejus
807 1104 898 1190 ejecti
916 1105 1043 1170 fuerant
1056 1129 1074 1169 e
1087 1126 1178 1191 para·

127 1133 207 1272 diso,
222 1215 286 1256 non
305 1214 395 1278 posse
413 1191 474 1255 dici
492 1190 619 1255 rediisse
631 1189 665 1253 in
679 1187 870 1274 paradisum,
885 1213 958 1255 cum
971 1190 1004 1255 in
1019 1190 1073 1255 illo
1086 1212 1178 1253 num-

128 1301 225 1366 quam
246 1277 353 1342 fuerit.
399 1279 514 1364 Itaque
535 1298 598 1341 non
621 1273 780 1339 dubitasse
804 1299 838 1341 se
861 1276 962 1356 addit,
985 1276 1064 1363 quin
1085 1275 1178 1340 lectio

128 1366 243 1429 horum
258 1363 354 1428 trium
369 1362 521 1427 librorum
535 1359 731 1449 praeferenda
746 1359 794 1424 sit.
817 1365 866 1427 At
877 1387 953 1428 vero
966 1363 1053 1427 haud
1067 1362 1112 1426 ita
1126 1385 1179 1427 va·

129 1451 193 1515 lere
212 1450 294 1514 hanc
312 1449 464 1514 rationem
484 1447 680 1527 crediderim,
696 1458 733 1510 ut
751 1446 901 1514 substitui
919 1450 1032 1515 debeat
1047 1447 1180 1512 verbum

129 1537 316 1624 ingreditor
337 1533 462 1600 lectioni
485 1534 559 1598 olim
582 1548 716 1621 receptae
741 1544 772 1596 et
801 1534 866 1601 fere
895 1535 1048 1600 universis
1074 1534 1180 1599 MStis

131 1621 333 1687 confirmata.
370 1621 430 1685 Ait
453 1620 644 1708 CyprianuS,
668 1616 749 1685 Cain
770 1640 834 1684 non
856 1621 958 1687 redire
980 1621 1021 1685 ad
1043 1633 1181 1685 veterem

131 1720 299 1796 parentum
323 1729 451 1771 suorum
475 1705 699 1794 possessionem
724 1705 924 1790 paradisum
949 1720 980 1772 et
1005 1706 1067 1771 dici
1091 1706 1180 1785 solet,

132 1795 237 1859 redire
263 1796 405 1857 maiatum
430 1793 474 1856 ad
498 1793 614 1857 Deam.
662 1791 814 1857 conferas
840 1808 873 1858 et
898 1794 992 1858 finem
1021 1791 1119 1858 libelli
1143 1792 1182 1856 de

134 1882 236 1968 Opere
259 1889 290 1944 et
311 1881 540 1966 Elaeawayaia,
564 1878 620 1943 ubi
642 1880 770 1944 redares
793 1878 837 1942 ad
858 1882 1052 1967 paradisum
1074 1878 1182 1957 habes,

133 1982 304 2052 notamque
317 1966 359 2030 ad
372 1966 487 2030 locum.

178 2052 263 2116 Ibid.
278 2052 299 2115 l.
314 2073 365 2136 19.
387 2051 549 2115 nativitate
564 2063 595 2113 et
609 2048 679 2136 lege
693 2050 814 2142 divina]
832 2051 976 2119 Additur
991 2072 1054 2114 vox
1068 2049 1183 2114 coeksti

133 2150 205 2226 post
223 2140 392 2202 nativitate
411 2138 444 2199 in
464 2134 649 2199 Erasmiana
666 2134 803 2202 editione
823 2160 906 2202 anno
923 2152 1006 2222 1520
1022 2133 1106 2222 typis
1125 2133 1184 2199 im-

133 2246 251 2323 pressa,
267 2234 299 2286 et
316 2222 350 2285 in
364 2220 553 2285 editionibus
568 2218 841 2305 subsequentibus.
881 2224 965 2287 Cum
979 2243 1054 2287 vero
1066 2219 1184 2284 nesciat

134 2310 221 2374 illam
239 2307 336 2372 editio
357 2307 514 2405 princeps,
535 2327 638 2392 neque
660 2321 829 2393 agnoscant
852 2319 908 2373 aut
930 2308 1038 2373 decem
1063 2304 1185 2370 codices

136 2394 242 2493 scripti
265 2393 299 2456 in
320 2392 397 2457 ed1t.
421 2395 525 2457 Oxon.
551 2392 726 2472 memorati,
750 2406 806 2459 aut
829 2406 967 2482 quatuor
988 2393 1046 2471 illi,
1069 2391 1186 2477 quibus

136 2481 203 2567 ipse
220 2501 254 2543 1n
275 2478 404 2544 edendis
424 2479 475 2543 his
495 2476 607 2542 libellis
629 2501 705 2543 usus
724 2501 805 2561 sum,
828 2481 960 2547 eandem
981 2478 1052 2544 able
1110 2501 1128 2542 e
1149 2489 1186 2542 ut

138 2564 333 2630 subdititiam
349 2564 427 2630 mihi
448 2565 551 2630 visum
569 2579 627 2628 est.
673 2566 777 2653 Supra
790 2590 865 2634 vero
882 2567 979 2633 habes
993 2500 1117 2632 eudenio
1131 2586 1186 2628 vo-

138 2673 199 2734 ces,
213 2653 382 2717 nativitate
394 2652 520 2731 canati,
534 2674 567 2739 p.
578 2667 653 2736 312.
668 2651 689 2715 l.
703 2670 754 2733 24.
