2678 4830
305 368 309 375 ·
376 328 564 395 CONTRA
588 330 820 396 HAERESIM
844 333 1005 399 ΝΟΕΤΙ.
1166 339 1206 403 51

170 499 284 597 Bauio·
324 502 541 582 Ἐκοπίασεν
563 503 745 604 Αἵγιπτος
771 508 829 585 καὶ
852 505 1003 611 ἐμπόρια
1027 507 1209 591 Αἰθιόπων

170 632 228 710 καὶ
252 635 285 709 οἱ
307 632 478 728 Σαβαεὶν,
500 630 623 736 ἄνδρες
648 634 785 739 ὑψηλοὶ
807 634 869 714 ε’πί
887 669 933 714 σε
957 636 1205 738 διαβήσονται,

170 760 231 838 καί
239 759 307 838 Υσοι
325 758 469 838 ἔσονται
486 763 621 857 δοῦλοι,
638 762 696 839 καὶ
714 762 831 841 ὀπίσω
849 796 919 843 σου
937 765 1206 866 ἀκολουθήσου-

170 920 231 967 σιν
248 886 422 986 δεδεμένοι
435 887 667 990 χειροπέδαις,
681 890 739 967 καὶ
750 891 787 967 ἐν
801 891 862 969 σοὶ
875 890 1206 994 προσκυνήσουσιν,

142 1016 228 1102 sicui
246 1017 284 1094 ε’ν
300 1017 362 1094 σοὶ
382 1014 656 1122 προσεύξονται,
678 1015 731 1096 ὅτι
754 1019 791 1096 ε’ν
809 1021 870 1097 σοὶ
888 1019 908 1097 5
927 1017 1020 1104 θεὸς
1037 1023 1130 1119 ἐστὶ,
1151 1026 1209 1102 καὶ

169 1140 233 1220 οῦκ
246 1143 325 1221 ἐστὶ
338 1141 431 1228 Θεὸς
443 1140 541 1242 πλήν
555 1178 635 1222 σου.
663 1142 715 1223 Σὺ
728 1143 800 1248 γὰρ
813 1143 856 1246 ἧς
868 1148 937 1247 (for.
950 1144 1012 1254 εἷς)
1028 1148 1134 1248 Θεὸς,
1151 1152 1209 1230 καὶ

169 1273 233 1351 οῦκ
257 1267 412 1376 ᾔδειμεν,
434 1272 455 1349 5
480 1269 572 1357 θεὸς
595 1280 659 1351 τοῦ
687 1271 840 1377 Ἰσραὴλ
868 1273 1006 1380 Σωτήρ.
1054 1277 1121 1357 Ἐν
1148 1279 1209 1356 σοὶ

169 1400 246 1497 οὖν,
269 1406 396 1506 φησιν,
418 1401 438 1478 5
457 1396 549 1484 Θεύς
566 1402 677 1479 ἐστιν.
727 1402 792 1481 Ἐν
816 1403 885 1482 τίνι
910 1402 947 1482 δὲ
970 1403 989 1481 5
1008 1402 1101 1488 θεὸς
1123 1405 1208 1482 ἀλλ’

169 1525 251 1627 ἢέν
266 1533 417 1635 Χριστῷ
440 1528 563 1628 Ἰησοῦ
585 1533 635 1635 τῷ
657 1526 812 1635 πατρῴῳ
831 1525 954 1638 Λόγῳ,
980 1533 1040 1609 καὶ
1062 1536 1113 1639 τῷ
1136 1566 1207 1630 μυ·

125 1694 162 1732 ιο
171 1657 306 1764 στηρίερ
319 1657 389 1757 (for.
402 1654 492 1734 κατὰ
508 1653 551 1735 τῦ
568 1654 780 1762 μυστήριον)
797 1661 860 1757 τῆς
874 1660 1083 1757 οἰκονομίας.
1119 1660 1210 1762 Περὶ

170 1785 212 1864 οῦ
237 1782 350 1865 πάλιν
377 1783 541 1864 δεικνύων
567 1784 609 1864 τῦ
637 1783 727 1864 κατὰ
754 1782 873 1888 σάρκα
900 1787 1007 1866 αύτοῦ
1029 1787 1206 1886 σημαίνει.

169 1909 268 2015 Ἐγῦι
293 1910 416 2015 ἤγειρα
442 1911 549 1991 αύτδν
576 1910 665 2011 μετὰ
692 1911 929 2013 δικαιοσύνης,
951 1915 1008 1992 καὶ
1032 1919 1149 1992 πᾶσαι
1174 1917 1210 1991 αὶ

170 2040 245 2120 &tot
276 2040 383 2120 αῦτοῦ
413 2041 552 2118 εὐθεῖαι.
610 2041 661 2119 Τι’
689 2040 773 2135 οῦν;
805 2042 887 2144 περὶ
918 2041 1011 2124 τίνος
1042 2047 1215 2145 μαρτυρεῖ

171 2167 315 2272 Πατήρ;
334 2171 415 2272 περὶ
437 2177 500 2247 τοῦ
519 2173 593 2248 υἱοῦ
612 2167 740 2272 Πατὴρ
757 2168 869 2272 λε’γει,
890 2167 989 2271 Ἐγὼ
1003 2169 1128 2273 ἤγειρα
1141 2170 1208 2248 αύ-

126 2295 232 2395 15⁴t'5v
253 2294 343 2396 μετὰ
366 2295 601 2396 δικαιοσύνης.
645 2293 733 2376 Ὅτι
760 2294 797 2375 δὲ
825 2293 955 2399 Πατήρ
983 2295 1120 2400 ἤγειρεν
1142 2298 1206 2374 αῦ-

168 2421 321 2506 τοῦτὸν
348 2422 422 2504 υἱὸν
449 2426 488 2503 ἐν
513 2423 733 2529 δικαιοσύνη,
763 2432 936 2528 μαρτυρεῖ
958 2425 978 2502 ὁ
1005 2421 1211 2507 ἀπόστολος

170 2559 319 2637 Παῦλος
348 2551 478 2654 λε’γων·
519 2558 565 2632 Ei
600 2552 638 2632 δὲ
673 2551 715 2631 τὸ
746 2559 886 2651 πνεῦμα
918 2559 981 2632 τοῦ
1013 2552 1212 2655 ἐγείραντος

169 2678 332 2784 Χριστὸν
357 2679 501 2780 Ἰησοῦν
528 2683 566 2759 ε’κ
594 2686 739 2782 νεκρῶν,
770 2685 858 2758 οἰκεῖ
880 2681 918 2757 ἐν
946 2681 1041 2778 ὑμῖν,
1068 2678 1088 2757 5
1115 2680 1209 2780 ἐγεί-

168 2842 234 2913 ρας
259 2805 323 2888 τὸν
349 2805 512 2911 Χριστὸν
533 2810 676 2909 Ἰησοῦν
698 2811 736 2887 ε’κ
758 2815 904 2912 νεκρῶν,
925 2804 1135 2910 ζωοποιήσει
1154 2809 1212 2886 καὶ

169 3063 219 3102 uus
232 3043 373 3102 Sabaoth:
397 3043 548 3100 Laboruuit
561 3043 668 3118 AEqyp·
710 3042 819 3101 tionis?
847 3044 892 3100 De
907 3063 965 3120 quo
978 3062 1077 3100 rursus
1091 3043 1210 3108 docens,

169 3133 222 3191 tus,
245 3133 272 3182 et
291 3133 443 3182 mercatura
456 3124 625 3198 AEtltiopum,
643 3132 670 3180 et
711 3142 827 3181 carnem
843 3129 904 3201 ejus
922 3125 1064 3201 significat
1078 3143 1146 3180 cum
1160 3124 1210 3189 ait,

169 3206 292 3274 satum
320 3206 376 3262 uiri
397 3206 461 3263 celsi
483 3206 511 3262 in
533 3214 560 3262 te
580 3214 669 3262 trans-
709 3205 774 3281 Ερο
788 3206 904 3262 excitavi
916 3225 974 3261 eum
988 3224 1046 3260 sum
1052 3204 1175 3277 justitia,
1185 3214 1213 3259 et

170 3287 255 3352 ibunt,
270 3295 298 3344 et
310 3287 361 3343 tibi
373 3295 452 3344 esunt
466 3288 549 3353 semi,
564 3295 591 3343 et
605 3295 670 3361 post
711 3288 861 3344 uninesuioe
874 3289 931 3360 ejus
944 3294 1033 3362 rectu.
1069 3283 1147 3353 Quid
1160 3283 1212 3361 igi-

170 3376 198 3424 te
218 3376 360 3444 sequentur
384 3368 463 3443 liqui
483 3368 596 3425 vinculis
615 3387 670 3424 mu·
713 3368 780 3424 tur?
798 3368 835 3425 de
854 3386 912 3443 quo
931 3376 1055 3423 testatur
1074 3365 1213 3422 hocloco

169 3468 259 3515 uuum,
279 3458 306 3506 et
326 3450 354 3506 iu
373 3458 401 3506 te
420 3450 578 3515 adorabunt,
598 3458 625 3506 et
644 3450 672 3506 in
713 3449 818 3506 Pater?
848 3448 885 3505 de
912 3448 984 3504 Filio
1008 3446 1080 3505 dicit
1107 3446 1212 3503 Pater:

171 3538 198 3586 te
206 3530 390 3604 precabuntur
395 3556 404 3598 ,·
419 3532 541 3606 quonium
552 3532 579 3588 iu
593 3539 620 3587 te
633 3539 673 3587 est
712 3530 777 3606 Ερο
791 3531 906 3586 eucitavi
916 3549 974 3585 sum
980 3529 1103 3603 justitia.
1126 3527 1214 3596 Quod

171 3612 258 3678 Deus,
270 3620 297 3668 et
309 3631 360 3669 mm
374 3620 414 3668 est
424 3613 612 3687 Deusproeter
625 3621 671 3669 te:
713 3624 812 3669 autem
833 3612 918 3668 Pater
937 3610 1087 3668 suscitavit
1107 3609 1214 3666 Filium

171 3701 202 3750 tu
221 3693 290 3748 euim
307 3712 336 3751 es
352 3693 438 3759 Deus,
454 3702 481 3751 et
499 3694 655 3751 nescivimus
664 3719 674 3762 ,-
715 3693 745 3750 in
756 3692 878 3771 justitia,
888 3702 1012 3749 testatur
1025 3692 1130 3748 Pauus
1145 3709 1213 3766 apo-

171 3774 250 3831 Deus
261 3773 355 3831 Israel
366 3775 506 3833 Salvator.
533 3776 569 3832 Iu
583 3783 610 3831 te
622 3775 674 3850 iqi·
716 3775 817 3840 stolus,
830 3784 916 3831 acum
931 3773 988 3829 ait:
1003 3773 1038 3830 Si
1051 3780 1138 3830 autem
1149 3772 1213 3846 spi-

172 3862 228 3921 tur,
248 3854 354 3930 inquit,
373 3865 414 3915 est
429 3857 515 3913 Deus.
557 3855 591 3913 In
614 3875 671 3931 quo
712 3856 783 3912 ritus
796 3856 841 3931 qui
856 3855 996 3912 suscitumt
1015 3853 1151 3910 Christum
1164 3853 1212 3910 Je-

173 3946 271 3994 uutem
287 3947 331 3994 est
344 3937 434 4003 Deus,
444 3937 499 3994 nisi
512 3938 544 3994 in
556 3938 672 3995 Christo
712 3957 770 3993 sum
784 3956 800 3992 α
816 3937 938 4001 mortuis,
960 3935 1052 3992 habita
1072 3935 1101 3992 iu
1120 3934 1195 3990 vobis
1204 3958 1213 3999 ;

172 4015 254 4084 Jesu,
268 4018 369 4076 Verbo
390 4019 491 4086 Putris,
514 4030 544 4076 et
564 4029 671 4094 myste·
714 4019 760 4094 qui
777 4018 917 4074 suscitavit
937 4017 1073 4073 Christum
1085 4015 1214 4072 Jesuma

172 4096 217 4154 rio
232 4099 412 4166 oeconomiae,
426 4099 455 4157 id
472 4111 526 4168 est,
540 4100 672 4158 ineama-
714 4100 836 4165 mortuis,
844 4097 992 4175 vivificabit
999 4099 1080 4155 etiam
1088 4093 1188 4151 mortui
1192 4094 1198 4106 '

557 4270 571 4299 a
588 4261 658 4308 Rom.
673 4259 722 4306 viii.
739 4274 774 4305 ιι.

671 4360 720 4398 122
