2678 4830
113 311 179 378 246
448 310 828 377 ANNOTATIONES

114 483 202 549 deest
221 481 253 546 in
273 482 419 548 omnibus
438 481 669 570 exemplaribus
683 481 821 569 antiquis
834 494 866 546 et
884 480 917 545 in
936 480 1076 548 editione
1095 484 1172 550 Μο-

114 568 252 635 relliana.
299 569 390 633 Illam
408 568 567 633 Pamelius
581 568 695 657 adjecit
710 592 749 634 ex
764 567 955 655 conjectura,
970 569 1048 656 quia
1062 570 1172 636 existi-

115 656 221 720 mabat
245 679 370 720 sensum
393 657 512 742 absque
536 679 573 720 ea
595 679 658 720 non
682 678 772 754 posse
796 668 946 720 constare.
979 658 1170 736 Baccarus,

114 741 171 829 qui
197 742 447 830 praepositionem
475 741 599 806 delevit.
647 745 707 807 Art
731 741 925 807 Prudentius
951 743 1110 808 Maranus
1135 743 1168 809 in

115 829 189 894 Vita
220 831 252 894 S.
274 829 427 917 Cypriani
455 828 583 893 editioni
614 827 795 893 Baluzianae
823 827 993 916 praemissa,
1022 833 1052 914 ξ.
1075 830 1169 894 xxxi.

114 939 148 1004 p.
159 915 264 980 cxviii.
280 924 303 955 “
314 917 393 980 Nisi
408 917 437 980 si
454 915 505 978 his
523 917 677 1003 episcopis
695 916 809 1003 quibem
828 937 914 978 πππο
921 915 1003 1000 sirit
1015 916 1167 991 Paulus,-

116 1010 138 1043 “
153 1001 321 1089 legendum
341 1000 466 1089 putavit
486 1001 647 1066 Pamelius
661 1001 698 1065 de
712 1002 826 1089 quibua
839 1023 935 1080 πιιπο,
951 1001 1006 1066 sed
1020 1001 1170 1067 manifes-
1187 1043 1190 1048 -

116 1096 206 1152 “tus
227 1102 274 1153 est
297 1088 522 1167 Hellenismus‚
542 1091 656 1156 τούτοις
676 1095 738 1156 τοῖς
760 1089 931 1154 ἐπισκόποις
952 1094 1014 1156 τοῖς
1035 1093 1102 1167 νῦν,
1116 1088 1169 1154 his

115 1182 138 1215 ‘⁴
153 1198 171 1239 e
194 1174 305 1263 iscopis
316 1197 400 1239 nunc
411 1173 660 1239 exsistentibus.”
683 1175 765 1239 Haec
777 1172 840 1252 ille,
853 1196 927 1260 quae
936 1173 1066 1277 quidem
1077 1174 1169 1240 baud

113 1198 293 1350 probibent,
307 1284 347 1325 ne
367 1285 426 1349 ego
448 1274 556 1348 putem
578 1260 795 1346 reponendum
814 1282 880 1324 csse
899 1282 955 1347 qm
974 1274 1048 1325 sunt
1066 1282 1167 1342 πιιπι,

114 1371 173 1436 pro
188 1348 247 1413 isto
262 1350 376 1447 quibua
389 1370 486 1427 nuuc,
500 1370 573 1412 cum
589 1346 670 1413 absit
684 1345 864 1435 praepositio
878 1347 916 1410 da
930 1359 1003 1412 ante
1016 1348 1133 1436 quibus
1146 1371 1168 1413 a

114 1433 209 1500 codd.
225 1435 347 1522 scriptis
361 1435 517 1510 omnibus,
531 1434 618 1520 quod
633 1431 736 1498 sciam.

158 1523 199 1585 P.
215 1536 285 1604 227.
302 1520 322 1586 l.
337 1540 389 1606 30.
412 1535 449 1585 ut
494 1520 526 1584 ui
549 1518 649 1585 estin
672 1517 799 1583 ecclesia
819 1517 979 1606 perfectus
999 1531 1098 1585 estet
1119 1543 1168 1586 sa·

114 1607 214 1694 piens,
230 1607 289 1671 hoc
303 1621 359 1671 aut
372 1545 532 1686 defendat,
547 1619 604 1671 aut
617 1605 738 1689 credat]
755 1606 799 1669 Aa
812 1606 884 1692 quia
899 1607 934 1668 in
948 1605 1076 1670 ecclesia
1082 1628 1164 1694 per-

101 1694 215 1779 fectus
240 1703 269 1756 et
291 1715 329 1757 aa
356 1695 430 1773 ἐπι,
452 1696 507 1780 qui
529 1693 585 1756 boc
608 1702 667 1756 out
689 1692 848 1777 dffeadot
870 1701 929 1755 aut
949 1692 1066 1756 credat.
1113 1694 1167 1758 Ita

114 1778 293 1842 emendavit
348 1779 477 1842 amelius
500 1801 539 1842 ex
565 1777 646 1843 libro
672 1776 815 1843 Cauchii.
859 1779 943 1842 Nam
968 1776 1002 1841 in
1027 1777 1166 1844 editione

117 1863 315 1941 Morelliana‚
331 1887 403 1949 quae
419 1865 520 1951 prima
536 1878 592 1942 est,
608 1862 736 1950 legitur,
749 1864 883 1951 perfecti
897 1872 983 1943 suot,
998 1873 1035 1928 ut
1048 1867 1105 1951 qui
1119 1875 1166 1931 eat

114 1952 151 2014 a'o
166 1951 302 2028 ecclesia,
313 1951 472 2037 perflatus
484 1959 513 2014 et
527 1952 664 2037 sapiens.
688 1951 761 2014 Hoc
775 1960 878 2014 autem
894 1951 1043 2036 defendat
1056 1960 1087 2016 et
1099 1973 1166 2016 cre-

115 2037 171 2101 dat
187 2040 242 2101 &c
280 2038 320 2100 ln
343 2037 443 2100 tribus
462 2036 600 2123 antiquis
619 2035 778 2100 codicibus
798 2035 1013 2124 scriptumest
1030 2039 1165 2124 perfecti

114 2133 200 2202 aaut,
216 2133 253 2187 ut
273 2126 328 2211 qui
347 2135 393 2187 eat
412 2125 448 2187 io
467 2125 593 2188 acclamo
608 2123 771 2210 perfletur
788 2133 818 2187 et
837 2125 964 2211 sapiens
983 2123 1039 2187 lmc
1058 2133 1165 2188 cutem

114 2211 272 2297 defendat.
319 2210 369 2275 Sic
384 2211 476 2274 etiam
497 2209 548 2274 alii
567 2209 639 2273 libri
658 2223 789 2286 veteres,
804 2208 864 2272 nisi
883 2209 970 2296 quod
989 2232 1048 2297 pro
1062 2220 1092 2275 et
1108 2232 1164 2274 aa·

112 2300 205 2383 piens
227 2298 344 2362 habent
365 2306 423 2361 aut
443 2299 580 2384 sopiens.
604 2298 736 2361 Banuz.
776 2295 905 2383 Optime
928 2296 1011 2359 Novi
1032 2294 1167 2384 collegii

115 2384 225 2460 codex,
242 2396 278 2447 ut
293 2383 348 2470 qui
363 2398 410 2448 est
424 2386 460 2446 ιἰι
475 2385 601 2447 ecclesia
613 2383 772 2470 perfletur
787 2391 817 2446 et
830 2385 959 2469 sapiens
972 2382 1028 2447 boc
1041 2391 1099 2447 aut
1113 2384 1167 2448 dc·

101 2471 225 2555 findat
239 2480 297 2534 cut
311 2471 428 2534 credat.
467 2470 506 2534 In
523 2470 624 2533 tribus
661 2491 765 2555 noque
780 2467 871 2532 codd.
889 2467 1011 2555 scriptis
1031 2467 1064 2532 in
1087 2468 1165 2535 edit.

116 2559 221 2621 Oxon.
237 2556 403 2620 nominatis
437 2558 472 2619 tvi
488 2579 547 2643 pro
560 2493 773 2642 quialegitur‚
789 2559 890 2642 etqui
905 2567 977 2619 ante
991 2555 1047 2620 hoc
1061 2556 1164 2622 abest.

116 2645 316 2730 Quapropter
342 2579 522 2729 postiabita
548 2641 679 2707 Pamelii
706 2641 847 2720 lectione,
870 2664 943 2728 quae
968 2641 1099 2706 fortasse
1124 2665 1167 2707 ex

116 2729 247 2794 Cauchii
267 2729 446 2827 conjectura
466 2742 589 2792 tantum
609 2742 678 2791 orta
696 2740 753 2806 est,
771 2727 990 2793 Morellianam
1009 2727 1101 2792 istam
1117 2751 1168 2794 re-

114 2816 241 2888 vocavi;
266 2828 367 2902 posrto
387 2829 491 2879 tamen
506 2838 545 2878 ex
559 2814 622 2878 fide
641 2814 755 2878 codicis
773 2814 857 2878 Novi
874 2813 1007 2901 Collegii
1026 2824 1085 2879 aul
1104 2837 1168 2902 pro

114 2910 219 2965 autem
234 2916 306 2964 ante
320 2900 452 2964 verbum
467 2900 625 2985 defiudut.
663 2903 822 2965 Caeterum
836 2900 932 2989 paulo
946 2914 1019 2965 aute
1032 2923 1091 2988 pro
1102 2925 1168 2990 po-

116 2989 191 3050 terit
204 2986 340 3073 priorem
354 2985 423 3050 lect.
435 2989 578 3072 potuerit
593 2986 745 3052 revocavi.

160 3074 196 3136 P.
211 3073 282 3138 228.
298 3071 321 3136 l.
338 3073 387 3136 18.
410 3072 450 3135 de
469 3071 598 3136 historia
617 3095 690 3159 quae
711 3072 797 3159 apud
816 3095 873 3136 nos
888 3072 972 3136 facta
986 3074 1045 3156 cst]
1064 3072 1167 3138 Exci-

113 3159 195 3224 disse
206 3183 268 3224 vox
277 3161 325 3223 rei
336 3172 407 3247 post
418 3160 553 3223 historio
563 3158 697 3223 videtur.
716 3161 781 3224 Est
790 3157 887 3222 nescit
899 3157 982 3223 Novi
994 3158 1075 3223 Coll.
1088 3160 1165 3224 MS.

160 3246 244 3310 Ibid.
254 3247 277 3311 l.
290 3267 341 3314 ar.
358 3245 574 3311 Alexandrum
592 3246 831 3332 Imperatorem]
846 3243 909 3321 Qui
923 3245 1016 3332 periit
1028 3268 1077 3309 an.
1090 3263 1167 3331 235.

159 3333 244 3397 Ibid.
256 3333 278 3397 l.
290 3351 341 3416 27.
358 3349 394 3398 ut
409 3358 448 3398 ex
463 3333 523 3398 hoc
533 3333 711 3432 persecutio
726 3355 854 3419 quoque
868 3331 973 3418 gravis
985 3334 1053 3417 διο]
1066 3332 1167 3409 Quasi

114 3418 185 3483 irati
201 3419 256 3482 Dii
272 3418 353 3483 mala
368 3421 435 3484 haec
449 3421 518 3485 orbi
532 3420 720 3484 mvexissent
731 3431 861 3506 propter
877 3417 1081 3482 Christianos.

159 3506 198 3568 P.
212 3525 285 3588 229.
302 3504 323 3568 Ι.
337 3525 387 3590 25.
412 3529 512 3570 unum
534 3507 574 3570 de
596 3505 786 3594 presbyteris
807 3504 972 3590 rusticum]
993 3504 1044 3569 Sic
1063 3503 1166 3570 edidit

114 3589 147 3651 in
161 3589 258 3676 hujus
272 3591 410 3676 epistolae
425 3591 499 3655 edit.
515 3593 655 3691 principe
669 3592 846 3670 Morellius‚
860 3604 1010 3678 tanquam
1026 3591 1051 3656 si
1066 3593 1165 3656 rusti-

64 3723 67 3730 .
114 3698 170 3739 cus
184 3697 298 3739 nomen
309 3676 533 3763 appellativum
548 3679 654 3743 luent.
678 3679 741 3743 Sed
755 3678 845 3766 quasi
859 3700 974 3742 nomen
988 3677 1164 3827 puppium,

116 3762 274 3826 Pamelius
295 3777 327 3825 et
353 3763 521 3849 Rigaltius.
558 3763 663 3829 Aliter
685 3765 802 3830 Fellus.
842 3763 979 3829 Dubitat
1001 3765 1030 3829 Β
1062 3763 1164 3829 uzius.

116 3851 261 3912 Fortasse
280 3848 432 3935 significat
451 3849 510 3914 hoc
529 3849 598 3915 loco
617 3875 680 3915 vox
698 3855 848 3930 malicus,
870 3873 933 3914 nou
952 3864 1106 3938 agrestem
1127 3865 1166 3916 ut

114 3935 261 4023 opinatur
276 3935 395 4015 Pelius,
411 3936 465 4000 sed
480 3937 627 4015 ruralem,
644 3940 810 4021 ἐπιχώριον.
844 3936 1018 4020 Ἐπιχώριοι
1031 3939 1165 4020 πρεσβύ-

114 4048 194 4106 τεροι
216 4025 398 4111 presbyteri
426 4025 517 4087 ruris
544 4023 577 4088 in
604 4027 732 4089 Canone
760 4022 881 4088 decimo
907 4023 999 4088 tertio
1027 4024 1164 4088 Cotwilii

114 4109 329 4176 Neocaesarea
351 4123 574 4176 memorantur.
622 4110 685 4176 Sed
712 4111 824 4176 Graece
849 4108 1005 4196 scripsisse
1027 4108 1165 4174 Firmili·

114 4218 194 4260 anus
214 4194 383 4281 ἀγροικικὸυ
399 4196 536 4276 videtur,
551 4219 623 4262 cum
643 4196 675 4260 in
695 4195 816 4260 decimo
835 4195 968 4282 septimo
987 4195 1164 4263 Chalcedo-

113 4283 201 4376 nensi
216 4285 385 4367 ἀγροικικᾶς
398 4285 551 4366 παροικίας
564 4282 582 4366 ἢ
598 4283 757 4369 ἑιιχιορίονς
770 4281 896 4348 habeas
