2678 4830
370 287 564 353 CONTRA
586 287 818 354 HAERESIM
839 286 1001 356 Nom.
1161 284 1206 362 ⁴⁹
1291 352 1296 361 .

166 461 283 544 αὐτοῖς
300 459 490 559 μονόκωλα
505 461 692 568 χρώμενοι,
709 461 750 543 δν
765 461 898 566 τρόπον
915 459 1009 543 εἶπεν
1027 460 1201 549 θεόδοτος

166 588 355 692 ἄνθρωπον
383 596 559 696 συνιοτᾷν
587 590 701 698 ψιλὸν
731 588 960 691 βουλόμενος.
1004 591 1088 671 ἀλλ’
1121 592 1201 671 οὔτε

166 717 287 795 ἐκεῖνοι
311 752 350 797 τε
376 716 582 819 νενοήκασιν
606 716 749 820 ἀληθές,
770 720 843 799 οὔθ
863 719 972 817 οὗτοι,
993 717 1109 804 καθὼς
1132 721 1198 799 αὖ·

165 845 223 923 ταὶ
241 849 278 924 αῖ
294 849 433 954 γραφαὶ
455 845 665 951 ἐλέγχουσιν
689 847 804 926 αὐτῶν
825 845 891 946 τὴν
915 849 1082 947 ἀμαθίαν,
1102 882 1197 951 μαρ-

139 972 338 1074 5τνροῦσαι
359 978 404 1078 τῇ
429 973 589 1078 ἀληθείᾳ.
637 975 784 1077 Ὁρᾶτε,
807 976 973 1082 ἀδελφοὶ,
1002 980 1079 1058 πῶς
1105 1009 1197 1078 τρο·

165 1099 267 1183 τετές
285 1102 343 1178 καὶ
360 1098 540 1204 τολμηρὸν
557 1097 674 1202 δόγμα
690 1101 988 1205 ταρεωήνεγκαν,
1003 1101 1197 1208 ἀναισχύν-

137 1331 141 1337 ¹
165 1261 235 1312 τως
258 1228 437 1330 λέγοντες,
466 1226 571 1313 αιἰτός
595 1231 673 1308 ἐστι
696 1228 857 1333 Χριστός
884 1232 904 1310 ὃ
932 1227 1074 1333 Πατὴρ,
1096 1229 1200 1315 αὐτὸς

167 1353 253 1452 υἱὸς,
284 1354 388 1441 αὐτὸς
419 1355 600 1459 ἐγεννήθη,
634 1357 739 1442 αὐτὸς
768 1357 910 1457 ἔπαθεν,
941 1357 1045 1442 αὐτὸς
1077 1355 1200 1439 ἑαυτὸν

164 1480 314 1586 ἤγειρεν.
353 1485 460 1563 Ἀλλ’
475 1485 542 1589 οὐχ
558 1484 669 1568 οὕτως
687 1485 768 1590 ἔχει.
800 1490 836 1565 αῖ
853 1484 916 1585 μὲν
933 1488 1070 1593 γραφαὶ
1087 1488 1200 1590 ὀρθῶς

120 1612 349 1713 ιολέγονσιν,
375 1612 475 1691 ἄλλα
501 1610 545 1692 ἂν
574 1616 644 1716 (for.
663 1615 747 1693 ἀλλ’
776 1614 946 1720 ἀνοιμως)
975 1616 1033 1695 καὶ
1060 1610 1200 1714 Νόητος

164 1747 246 1819 νοεῖ.
296 1741 376 1820 Οὐκ
400 1740 468 1841 ἤδη
495 1739 532 1820 δέ
560 1747 589 1820 εί
616 1738 755 1842 Νόητος
780 1740 830 1841 μὴ
858 1749 941 1840 νοεῖ,
971 1740 1069 1846 παρὰ
1096 1751 1200 1821 τοῦτο

164 1868 333 1968 ἐκβλητοι
361 1873 397 1947 αῖ
428 1870 576 1976 γραφαί.
625 1870 690 1953 Τίς
718 1869 790 1973 γὰρ
820 1871 882 1949 οὐκ
914 1873 986 1974 ἐρεῖ
1013 1871 1074 1950 ἕνα
1106 1867 1199 1949 Θεδν

164 1992 273 2091 εῖναι;
307 1997 390 2075 ἀλλ’
424 1998 465 2075 οὐ
496 1995 561 2095 τὴν
593 1999 790 2096 οἰκονομίαν
819 1995 1013 2101 ἀναιρήσει.
1056 1993 1199 2081 Ὄντως

163 2123 229 2225 μέν
255 2125 317 2205 οὖν
344 2122 390 2204 τὰ
411 2123 589 2232 κεφάλαια
612 2123 670 2203 διὰ
696 2131 763 2224 (for.
784 2124 860 2230 δύο)
889 2134 1001 2207 ταῦτα
1026 2121 1199 2229 πρότερον

120 2247 153 2349 ς5
165 2257 220 2334 δεῖ
239 2256 480 2357 ἀνατραπῆναι
504 2252 594 2333 κατὰ
612 2251 675 2333 τὸν
698 2255 835 2334 ἐκείνων
853 2262 949 2351 νοῦν,
971 2252 1062 2333 κατὰ
1079 2251 1117 2331 δέ
1133 2253 1199 2354 τὴν

162 2380 330 2483 ἀλήθειαν
348 2386 537 2485 δειχθῆναι.
586 2379 767 2486 Πρότερον
784 2380 855 2486 γὰρ
874 2381 984 2466 ὅντως
1001 2383 1099 2460 ἐστὶν
1118 2386 1196 2481 διη-

161 2508 363 2612 γήσασθαι,
380 2508 435 2590 ότι
448 2507 495 2594 εἷς
508 2507 600 2594 Θεὸς
614 2511 633 2589 ὁ
648 2508 789 2612 Πατὴρ,
811 2509 855 2616 ἐξ
870 2509 911 2590 οὗ
928 2516 1031 2589 παῖσα
1049 2508 1195 2612 πατριὰ,

162 2640 205 2718 δι’
225 2638 267 2718 οὗ
284 2637 330 2718 τὰ
346 2634 479 2734 πάντα,
495 2636 539 2743 ἐξ
554 2637 595 2717 οὗ
613 2636 658 2718 τὰ
674 2636 807 2735 πάντα,
824 2639 882 2716 καὶ
900 2638 998 2737 ἡμεῖς
1015 2639 1052 2716 ἐν
1070 2637 1177 2744 αὐτῷ.

161 2868 339 2932 Theodotus,
355 2883 422 2925 cum
434 2867 525 2924 vellet
537 2867 658 2944 probare
699 2885 759 2925 non
770 2866 839 2942 quia
850 2864 965 2924 Noetus
979 2886 1038 2923 non
1052 2865 1197 2945 intelligit,

163 2949 311 3009 Christum
339 2968 402 3007 esse
429 2949 577 3007 hominem
604 2968 657 3005 nu·
697 2949 806 3006 idcirco
834 2947 989 3024 Scripturae
1012 2949 1197 3024 repudiandae

162 3031 243 3089 dum.
285 3030 343 3089 Sed
370 3049 426 3088 nec
451 3030 504 3096 illi,
529 3049 584 3088 nec
610 3030 659 3086 isti
698 3040 776 3088 sunt.
811 3030 884 3100 Quis
898 3030 976 3086 enim
995 3048 1055 3085 non
1072 3030 1150 3087 dicet
1162 3050 1196 3087 u-

164 3113 321 3188 quidquam
359 3112 584 3176 intellexerunt;
626 3123 660 3168 ut
699 3132 771 3168 num
792 3112 888 3168 Deum
910 3110 994 3167 esse?
1018 3129 1078 3166 non
1098 3122 1197 3168 tamen

162 3193 231 3269 ipsae
259 3193 415 3269 Scripturae
441 3193 586 3250 inscitiam
610 3211 659 3250 eo·
701 3193 839 3250 continuo
867 3190 1066 3254 oeconomiam‚
1088 3190 1118 3247 id
1143 3202 1196 3256 est,

162 3294 228 3332 mm
243 3275 429 3352 redarguunt,
450 3293 513 3349 quae
531 3274 661 3331 testimo·
701 3273 941 3337 incarnationem,
967 3270 1093 3347 negabit.
1136 3271 1197 3326 Pri·

163 3355 246 3412 nium
256 3356 372 3413 veritati
382 3355 523 3413 tribuunt.
545 3354 661 3420 Videte,
702 3375 782 3412 mum
804 3354 893 3432 igitur
913 3363 1027 3428 oportet
1047 3349 1197 3408 confutare

162 3436 276 3502 fratres,
304 3437 449 3512 quomodo
476 3456 604 3512 praeeeps
632 3447 662 3493 et
702 3436 819 3512 quidem
841 3435 902 3491 haec
923 3433 1018 3508 capita
1038 3433 1198 3490 seeundum

162 3518 257 3575 audax
292 3518 397 3596 dogma
428 3519 660 3583 introduxerunt,
702 3537 818 3575 sensum
832 3515 958 3580 illorum
974 3513 1119 3571 declarare
1128 3533 1197 3572 vero

162 3618 231 3657 cum
258 3599 443 3675 impudenter
476 3600 566 3666 aiunt,
595 3598 661 3675 Ipse
702 3617 738 3656 ea
755 3597 914 3655 secundum
933 3596 1095 3653 veritatem.
1137 3597 1197 3652 Pri-

164 3680 296 3738 Christus
311 3691 355 3738 est
367 3681 462 3747 Pater,
477 3681 538 3756 ipse
553 3681 641 3738 Filius
652 3702 660 3746 ;
701 3700 782 3737 mum
804 3679 881 3736 enim
901 3696 933 3735 re
956 3697 1026 3735 vera
1046 3687 1090 3734 est
1111 3696 1197 3753 expo·

162 3762 226 3837 ipse
239 3781 341 3838 passus
354 3773 408 3828 est,
423 3762 485 3838 ipse
503 3782 534 3820 se
554 3762 658 3819 excita·
699 3780 769 3819 nere
783 3761 898 3817 Patrem
909 3777 972 3817 esse
985 3777 1077 3816 unum
1090 3759 1196 3826 Deum,

161 3843 381 3902 vitnmortuis.
415 3843 456 3900 At
468 3863 527 3901 non
542 3844 583 3900 sic
598 3853 658 3900 est:
699 3863 732 3900 ια
755 3861 805 3918 quo
832 3842 915 3898 οιιιιιὶς
936 3840 1121 3915 ραιιιιιὶιαςδ,
1145 3859 1199 3915 per

162 3935 242 3983 recte
266 3925 347 3983 enim
369 3925 470 3986 dicunt
494 3923 658 4000 Scripturoe,
700 3943 775 4001 quem
788 3923 884 3988 omnia,
899 3931 926 3978 et
941 3941 974 3978 ιν
992 3940 1042 3999 quo
1060 3922 1156 3986 omnia,
1172 3930 1199 3976 et

163 4005 214 4064 sed
229 4007 288 4065 nlia
305 4005 419 4064 Noetus
434 4005 579 4084 intelligit.
621 4005 662 4062 At
700 4023 747 4062 ιιοι
760 4005 788 4061 in
801 4000 891 4079 ipsob.

392 4212 406 4240 ι
422 4201 509 4264 Ephes.
521 4202 555 4250 iii.
570 4213 607 4264 15.
757 4202 771 4239 b
793 4215 800 4247 ι
816 4199 869 4248 Cor.
881 4198 930 4246 viii.
944 4197 966 4246 6.

673 4302 690 4339 E
