2678 4830
133 312 200 379 348
370 307 609 376 VETERUM
632 307 955 376 TESTIMONIA.

133 482 278 550 heretico
298 480 448 548 adversus
466 481 594 556 Deum
617 492 651 547 et
668 479 691 546 ii
706 479 801 546 etiam
818 480 1057 549 constituerunt
1072 483 1188 550 enclesi-
1294 470 1297 475 ⁵

133 585 266 652 uticum
287 583 505 650 ministerium.
555 581 696 650 Concilio
718 583 849 673 Mngnae
871 583 1052 653 Britannioe
1077 603 1111 654 et
1132 589 1188 654 Hi.

133 688 251 756 berniae
264 710 285 754 o
299 686 424 753 Doride
438 685 580 752 erkino
592 686 667 752 edit.
683 699 761 752 tom.
774 687 804 752 1.
820 709 892 776 pag.
907 706 926 755 2
927 702 983 774 54.

177 890 304 954 Exrnr
326 887 413 954 aliud
439 902 591 976 proterea
611 888 825 954 testimonium
846 889 879 954 in
900 889 1009 956 oodioe
1031 915 1186 958 onnonum

134 993 234 1058 Msto
252 1014 272 1058 o
291 990 445 1057 Britanno
465 991 605 1079 quodam
625 991 674 1057 vel
695 991 851 1073 Hiberno,
866 1008 904 1059 ut
923 994 1063 1078 videtur,
1080 994 1207 1080 culleo-5

134 1108 251 1175 torum,
269 1095 362 1183 cujus
380 1095 570 1162 mentionem
589 1093 666 1160 facit
681 1096 823 1162 Joonnes
845 1095 999 1163 Seldenus
1018 1098 1053 1164 in
1072 1101 1184 1166 Histo-

134 1199 189 1263 ria
205 1198 423 1280 Deoimornm,
438 1221 509 1287 oop.
520 1196 586 1262 viii.
601 1218 677 1285 pag.
690 1214 763 1264 210.

515 1406 567 1447 ΙΙΙ
581 1405 741 1447 ADDlNDU!
755 1405 810 1446 m

298 1519 501 1581 JAconus
528 1519 622 1579 REX
648 1517 1019 1587 BRITANNIARUM,

340 1648 535 1729 InApologio
547 1669 602 1726 pro
615 1649 790 1709 Jurnmento
802 1648 975 1707 fidelitatis.
1198 1685 1227 1725 10
1291 1654 1294 1661 ‘

178 1781 301 1845 ann
325 1791 463 1866 quatuor
482 1778 639 1866 generalia
658 1777 789 1844 concilia
807 1791 958 1865 tanquam
979 1777 1135 1845 catholica
1156 1794 1187 1847 et

134 1878 312 1947 orthodoxa
329 1900 460 1943 veneror
481 1891 577 1967 atque
598 1879 725 1967 recipio,
744 1901 818 1967 quoe
836 1893 869 1945 et
888 1879 1018 1967 publioo
1037 1881 1188 1947 ordinum

134 1996 314 2050 nostrorum
336 1981 495 2049 sanctione
512 1996 639 2071 recepta
657 1995 742 2062 sunt,
757 1996 790 2048 et
803 1982 845 2048 ab
858 1981 985 2048 ecclesia
1002 1996 1112 2050 nostra
1128 2009 1188 2074 pro

134 2085 319 2154 orthodoxis
336 2085 504 2153 habentur.
526 2109 601 2176 pag.
615 2086 666 2173 38.
691 2085 765 2151 edit.
789 2084 894 2151 Lond.
914 2107 966 2151 an.
986 2089 1082 2174 1609.
1102 2090 1189 2178 typis

135 2212 302 2278 impressae.
