2678 4830
222 363 273 426 IN
297 361 638 426 TERTULLIANI
662 363 728 427 DE
751 238 1021 431 osmund.
1079 366 1142 437 179

97 515 130 599 et
152 534 295 598 instituto
314 532 485 620 disciplinae
505 549 580 598 aetas
594 533 703 600 adulta
716 535 810 599 debet
825 536 932 602 munia
946 561 1002 601 sua
1016 539 1141 626 exequi.

99 621 260 707 Sequitur,
282 643 358 684 nam
377 629 407 685 et
425 621 572 684 membris
592 629 623 684 et
642 622 753 708 officiis
771 623 956 693 mulieribus
973 627 1143 713 resignem-

97 717 164 786 tur,
180 707 239 772 hoc
253 722 310 785 est,
325 707 534 793 assignantur,
549 705 599 770 vel
613 707 870 773 adnumerantur.
916 712 1017 774 Porro
1033 725 1143 776 auctor

98 793 194 858 habet
216 793 249 857 in
273 793 328 857 lib.
349 795 379 858 Ι.
399 794 443 857 ad
464 795 613 872 Umorem,
630 794 750 860 Carnis
768 798 1017 884 concupiscentia
1039 800 1143 864 celans

98 882 201 967 qfficin
214 881 364 966 effendit.
382 902 453 966 cap.
465 899 498 961 4.

144 969 184 1032 P.
204 986 275 1033 112.
299 966 320 1031 l.
340 985 390 1047 14.
413 966 520 1053 nupsit
542 989 599 1031 suo
619 965 699 1043 viro,
717 966 749 1030 id
772 982 819 1031 est
841 967 986 1053 tempori]
1010 969 1143 1034 Tertul-

100 1053 201 1118 lianus
223 1053 256 1116 in
282 1053 337 1118 lib.
360 1054 397 1118 de
417 1053 604 1140 Virginibus
623 1054 767 1117 Velondic
788 1076 857 1139 cap.
876 1074 925 1117 11.
940 1055 1016 1118 Alio
1038 1058 1073 1119 in
1094 1079 1144 1121 oc-

100 1141 182 1204 culto
195 1149 297 1204 mater
311 1149 440 1217 natura,
456 1149 486 1202 et
504 1141 589 1202 alites
602 1141 638 1202 io
653 1140 768 1204 1111111116
781 1149 878 1227 pater
898 1153 1033 1229 tempus,
1048 1141 1144 1207 filiam

100 1249 190 1290 auam
205 1227 330 1314 legibue
344 1227 413 1290 cuir
429 1228 635 1289 sterilescat.

146 1312 231 1376 Ibid.
252 1312 273 1375 l.
294 1315 344 1376 16.
368 1326 401 1375 et
425 1334 549 1376 omnem
575 1311 717 1376 habitum
744 1312 784 1376 ad
810 1312 955 1376 mulieres
976 1314 1144 1403 convertit]

103 1402 272 1497 Tanquam
287 1398 312 1463 si
327 1398 445 1484 nuptiis
458 1398 604 1462 nuntium
620 1397 760 1463 misisset.

147 1485 230 1549 1b1d.
246 1485 270 1550 l.
286 1504 335 1552 aa.
359 1498 431 1549 ante
449 1485 572 1566 Deum]
589 1487 662 1548 Hoc
677 1499 734 1563 est,
749 1485 782 1548 in
797 1485 935 1565 ecclesia,
949 1484 1028 1549 dum
1041 1485 1073 1549 in
1088 1485 1147 1550 viis

102 1571 197 1634 velari
212 1571 300 1636 soles.

147 1657 232 1722 Ibid.
253 1658 274 1723 l.
293 1676 344 1743 25.
377 1657 462 1736 Quid
486 1657 562 1722 alias
585 1657 790 1721 ostentatione
816 1656 863 1720 tui
884 1655 1040 1744 judicasi]
1063 1661 1147 1723 Cum

103 1767 170 1808 mos
194 1745 291 1809 fuerit
315 1745 346 1807 in
373 1744 516 1831 plurimis
544 1742 690 1824 ecclesiis,
714 1743 797 1807 idem
823 1766 898 1807 vero
927 1767 967 1807 ex
997 1745 1150 1810 sententia

106 1831 294 1896 Tertulliani
314 1830 454 1906 vitiosus,
473 1844 509 1895 ut
529 1852 568 1894 ne
589 1830 766 1894 velarentur
782 1829 936 1917 virgines;
961 1830 1081 1916 quaevis
1102 1832 1149 1896 fe-

104 1917 189 1982 mina
208 1942 271 1982 non
285 1917 430 1996 velando,
444 1933 557 1982 caetera
573 1917 722 1981 matronis
740 1916 939 1981 consimiliter
952 1917 1074 1997 vestita,
1089 1919 1151 1984 vir-

104 2002 210 2090 ginem
230 2028 263 2069 se
284 2027 349 2068 esse
369 2005 441 2068 Deo
459 2003 604 2069 devotam
623 2004 809 2082 ostentabat,
824 2003 963 2091 aliasque
982 2004 1068 2070 haud
1089 2005 1150 2070 tale

105 2091 184 2240 quid
209 2091 250 2155 de
274 2113 307 2154 se
328 2091 483 2178 professas
503 2090 645 2178 judicare
671 2089 846 2156 videbatur.
893 2092 946 2155 Ita
969 2113 1034 2155 rem
1057 2091 1150 2156 intel-

117 2201 169 2265 ¹8⁰

150 2225 237 2328 Ilrid.
253 2263 272 2326 1.
287 2266 339 2328 28.
363 2263 469 2328 Facile
483 2263 611 2346 eligitur
646 2264 710 2328 uod
725 2264 886 2328 affectione
900 2263 1007 2350 gloriae
1022 2264 1153 2328 assumi-

108 2355 171 2438 tur]
191 2353 247 2414 An
261 2349 410 2415 eliditur?
436 2352 503 2414 Vox
521 2288 733 2414 Tertullianea
749 2365 804 2414 est.
840 2348 900 2413 Ait
916 2362 1025 2413 auctor
1044 2352 1075 2413 in
1093 2349 1147 2415 lib.

107 2441 144 2501 de
164 2439 376 2522 Spectat-edim
400 2438 448 2500 Et
461 2437 649 2524 palaestrica
668 2436 783 2500 dioboli
802 2436 963 2522 negotium
985 2445 1039 2499 ert.
1077 2438 1152 2500 Pri-

107 2546 172 2588 mos
186 2524 480 2588 contumeliabatur
495 2523 586 2586 elisit.
601 2545 629 2585 e.
645 2523 694 2586 18.
884 2598 889 2608 Ι

151 2611 191 2673 Ρ.
203 2629 273 2694 113.
288 2608 310 2672 l.
319 2628 350 2694 3.
365 2608 432 2673 Sed
448 2630 510 2672 non
525 2622 616 2695 putet
627 2606 820 2672 institutione
835 2607 1052 2694 unusquisque
1066 2623 1152 2673 ante-

108 2695 234 2760 cessoris
247 2695 526 2780 commovendam]
545 2696 657 2759 Latere
676 2693 826 2758 mendum
845 2693 878 2758 in
897 2693 945 2757 his
965 2694 1067 2758 verbis
1082 2718 1149 2759 sen·

109 2783 163 2862 tio,
188 2781 243 2846 sed
268 2804 411 2867 reparare
435 2804 496 2845 non
522 2781 634 2845 audeo.
679 2781 824 2844 Fortasse
846 2779 1015 2866 legendum
1040 2783 1152 2846 unius-

109 2870 269 2955 cujusque.
296 2871 412 2932 Sensus
426 2882 530 2932 autem
547 2881 609 2931 est:
628 2868 700 2931 Non
716 2890 781 2930 esse
794 2865 964 2953 virginum,
979 2870 1052 2953 quae
1066 2881 1152 2932 ante-

109 2969 278 3033 cesserunt,
292 2955 548 3019 consuetudinem
563 2977 621 3042 pro
635 2953 754 3019 ratione
768 2952 998 3017 adducendam.
1026 2955 1151 3018 Munn-

112 3063 201 3104 rour.
239 3040 346 3126 Magis
369 3041 552 3119 existimem,
573 3065 648 3105 voce
668 3041 871 3105 antecessoris
892 3038 1072 3128 episcopum
1095 3040 1152 3105 de·
1180 3111 1184 3122 ¹

111 3150 259 3191 cessorem
276 3127 453 3214 significari,
469 3143 500 3192 et
514 3127 731 3215 corrigendum
747 3149 812 3190 esse
826 3127 1067 3196 iustitutionem..

156 3213 239 3278 Ibid.
256 3213 277 3276 l.
290 3233 322 3298 5.
347 3214 446 3278 Multi
467 3214 575 3279 alienae
597 3212 815 3278 consuetudini
835 3212 1035 3360 prudentiam
1054 3235 1153 3290 suam,

111 3315 142 3365 et
164 3300 367 3365 constantiam
389 3301 457 3387 ejus
478 3301 641 3378 addicunt,
664 3323 703 3363 ne
726 3321 835 3385 compe
858 3315 953 3364 antur
974 3298 1085 3383 velari]
1109 3300 1155 3362 Et

111 3387 179 3452 heic
200 3387 296 3451 verba
317 3400 465 3473 corrupta
482 3386 635 3450 existimo.
674 3387 795 3472 Legere
808 3385 930 3449 mallem
946 3387 1063 3449 multae.
1097 3385 1155 3448 In-

111 3475 181 3560 quit
202 3489 320 3551 autem‚
342 3472 517 3560 complures
539 3473 685 3560 virgines,
705 3495 744 3536 ne
765 3471 797 3534 in
820 3471 938 3560 templo
959 3470 1055 3535 velari
1073 3493 1156 3535 corn-

113 3560 312 3642 pellerentur,
325 3559 566 3645 praecedentium
583 3559 740 3646 virginum
751 3558 976 3623 consuetudine
988 3581 1052 3622 sese
1064 3556 1155 3633 tueri,

111 3646 186 3710 satis
205 3671 237 3710 se
259 3647 430 3745 prudentes
450 3647 620 3721 arbitratae,
642 3645 667 3709 si
689 3645 776 3732 quod
797 3643 859 3708 illae
881 3658 1057 3709 constanter
1078 3645 1158 3710 fece-

112 3747 199 3811 runt,
214 3750 246 3797 et
260 3756 336 3820 rpsae
350 3732 498 3797 facerent.
529 3735 730 3798 Munarom.
777 3733 884 3795 Locus
900 3755 938 3796 ea
955 3733 1075 3795 ratione
1089 3754 1158 3796 cor-

114 3818 263 3906 rigendus
282 3819 358 3884 mihi
376 3818 504 3906 quidem
525 3819 659 3898 videtur,
679 3833 715 3883 ut
737 3841 812 3882 voce
830 3819 922 3883 multi
945 3817 1159 3905 significentur

114 3905 274 3992 praesules,
289 3907 345 3993 qui
361 3905 497 4006 virgines
510 3905 605 3970 veleri
620 3927 682 3970 non
696 3904 858 3992 cogebant.
910 3907 993 3969 Nam
1008 3904 1159 3991 exipsius

115 3991 250 4056 auctoris
268 3993 480 4080 disputatrone
498 3994 535 4058 de
557 3993 741 4081 Virginibus
765 3992 909 4056 Velnndie
931 3993 1004 4055 satis
1025 4003 1159 4069 constat,

116 4101 154 4142 ex
192 4092 259 4142 arte
273 4101 334 4142 non
351 4078 522 4144 velantium
536 4079 654 4144 stetisse
668 4077 923 4142 consuetudinem
939 4077 1159 4164 plerarumque

116 4101 322 4228 ecclisiarum.
358 4166 474 4253 Itaque
495 4165 599 4230 locum
621 4164 665 4229 sic
686 4165 816 4251 refingo,
834 4165 936 4228 Multi
957 4163 1070 4227 cliente
1089 4184 1161 4226 con-

115 4251 277 4314 suetudini
293 4253 501 4339 pmedentiam
522 4274 614 4316 suom
632 4250 794 4329 addicunt,
812 4260 843 4314 el
865 4251 1073 4314 constantiana
1091 4250 1160 4335 ejus

118 4336 291 4416 adducunt,
307 4361 345 4401 ne
359 4340 585 4426 compellantur
599 4336 735 4424 virgines
749 4337 859 4400 vemt

612 4444 634 4486 N
652 4443 670 4489 2
