2678 4830
82 333 145 395 148
433 327 775 393 TERTULLIANI

80 502 266 576 videamus
296 499 382 599 quid
409 500 585 592 didicerit,
611 498 699 598 quid
726 497 901 589 docuerit,
926 497 1017 597 quid
1047 525 1134 573 cum

80 617 259 693 Africanis
293 644 438 716 quoque
475 617 635 691 eeclesiis
675 615 933 691 contesserarit.
1000 614 1135 690 Unum

81 735 205 810 Deum
236 733 337 807 novit
366 747 560 808 creatorem
593 733 845 824 universitatis,
875 746 912 807 et
940 731 1133 806 Christum

81 855 210 929 desum
241 878 286 923 cx
312 850 450 950 virgine
480 851 597 924 Maria
628 850 761 923 Filium
788 849 859 923 Dei
888 848 1071 939 creatoris,
1096 861 1135 922 et

83 971 199 1046 carnis
233 968 550 1041 resurrectionem:
590 967 707 1067 legem
744 979 781 1040 et
814 965 1008 1066 prophetas
1031 986 1159 1047 cums

82 1085 298 1185 evangelicis
316 1098 353 1157 et
371 1084 574 1184 apostolicis
592 1084 719 1156 litteris
737 1083 877 1172 miscet,
894 1096 931 1156 ct
949 1081 1033 1156 inde
1049 1109 1133 1183 por-

82 1217 136 1278 tat
158 1202 291 1275 fidem:
318 1226 398 1273 eam
425 1227 516 1299 aqua
544 1200 674 1299 signat,
695 1199 830 1273 Sancto
851 1199 988 1300 Spiritu
1010 1199 1134 1289 vestit,

81 1318 296 1394 eucharistia
326 1318 451 1418 pascit,
479 1317 652 1417 martyrio
682 1316 903 1406 exhortatur,
929 1329 966 1390 et
992 1315 1043 1391 ita
1070 1316 1134 1390 ad-

80 1464 203 1512 versus
227 1436 322 1508 hanc
346 1434 610 1508 institutionem
635 1433 819 1507 neminem
844 1433 983 1534 recipit.
1035 1431 1134 1508 Hoec

80 1566 136 1626 est
169 1552 348 1625 institutio
379 1579 454 1625 non
484 1551 567 1625 dico
591 1551 670 1648 jam
699 1577 780 1649 quae
806 1549 944 1623 futuras
974 1549 1181 1624 haereses-10

0 1714 1 1732 .
27 1689 53 1740 it
80 1667 356 1769 proenuntiabat,
376 1666 436 1740 sed
454 1666 499 1740 de
516 1694 589 1765 qua
611 1668 763 1741 haereses
785 1665 1006 1766 prodierunt.
1058 1665 1131 1740 Sed

80 1810 153 1858 non
171 1809 298 1856 omncs
318 1780 419 1883 (for.
432 1784 596 1879 omnino)
616 1811 661 1858 ex
679 1785 750 1870 illa,
768 1809 814 1856 ex
830 1810 903 1881 quo
920 1782 1027 1857 factae
1044 1798 1132 1858 sunt

81 1899 249 1974 adversus
283 1899 394 1972 illam.
445 1899 567 1972 Etiam
599 1900 644 1974 de
674 1901 777 1974 olivae
806 1901 947 1974 nucleo
965 1900 1065 1972 mitis
1094 1914 1131 1974 et

81 2017 216 2118 opimae
242 2030 279 2089 et
309 2016 515 2089 necessariae
545 2044 648 2118 asper
671 2018 824 2091 oleaster
851 2017 983 2090 oritur:
1018 2016 1128 2090 etiam

80 2133 127 2208 de
146 2159 323 2234 papavere
340 2135 429 2207 ficus
453 2134 666 2233 gratissimae
684 2147 721 2207 et
743 2134 963 2208 suavissimae
982 2146 1130 2207 ventosa
1142 2156 1177 2220 ยน5

82 2265 119 2325 et
136 2278 227 2324 vana
245 2250 435 2351 caprificus
453 2251 607 2350 exurgit.
645 2251 703 2324 Ita
720 2263 757 2324 et
774 2251 924 2324 haereses
942 2250 987 2324 de
1005 2264 1130 2325 nostro

80 2368 396 2458 fructificaverunt,
409 2395 482 2440 non
500 2381 644 2458 nostrae,
661 2366 854 2467 degeneres
871 2367 1029 2442 veritatis
1047 2392 1130 2467 gra-

80 2508 140 2573 no,
157 2495 194 2556 et
211 2482 398 2557 mendacio
416 2483 604 2557 silvestres.

1 2629 36 2678 r.
130 2599 168 2672 Si
196 2600 275 2673 haec
300 2600 351 2673 ita
374 2627 411 2672 se
438 2600 585 2691 habent,
601 2612 643 2672 ut
665 2599 794 2673 veritas
817 2600 921 2673 nobis
945 2599 1129 2697 adjudice-

26 2695 63 2746 11.
78 2728 149 2806 tur,
167 2717 389 2814 quicumque
414 2716 451 2788 in
478 2744 520 2790 ea
545 2716 669 2816 regula
695 2716 907 2803 incedimus,
932 2743 1043 2815 quam
1069 2740 1175 2791 cc-ao

79 2831 188 2906 ciesia
213 2833 259 2903 ab
285 2831 467 2930 apostolis,
493 2833 646 2932 apostoli
678 2861 698 2906 a
723 2833 881 2922 Christo,
908 2834 1129 2907 Christusa

78 2947 163 3022 Deo
180 2945 338 3036 tradidit,
352 2960 493 3021 constat
509 2949 599 3021 ratio
617 2949 789 3048 propositi
808 2951 932 3040 nostri,
949 2950 1128 3023 definien-

78 3064 125 3138 tis
144 3090 215 3137 non
235 3089 311 3135 esse
330 3062 573 3138 admittendos
597 3067 782 3140 haereticos
801 3067 845 3139 ad
864 3066 1062 3156 ineundam
1081 3069 1126 3140 de

78 3181 262 3283 scripturis
288 3181 591 3280 provocationem,
614 3210 703 3280 quos
731 3184 808 3256 sine
834 3183 1017 3284 scripturis
1042 3211 1126 3284 pro-

76 3301 206 3373 bamus
224 3298 268 3371 ad
287 3298 480 3398 scripturas
498 3326 570 3371 non
589 3299 781 3398 pertinere.
833 3300 872 3372 Si
891 3301 988 3373 enim
1014 3301 1171 3389 haere-25

76 3417 139 3489 tici
158 3429 253 3506 sunt,
272 3414 469 3489 Christiani
487 3443 563 3489 esse
581 3442 652 3487 non
673 3429 833 3515 possunt,
847 3444 921 3489 non
939 3444 959 3489 a
977 3417 1124 3490 Christo

76 3531 244 3605 habendo
262 3532 359 3630 quod
377 3532 422 3604 de
440 3558 504 3604 sua
521 3531 697 3604 electione
720 3533 843 3605 sectati
871 3533 1124 3606 haereticorum

75 3646 224 3719 nomine
243 3646 452 3719 admittunt.
504 3647 562 3719 Ita
585 3673 659 3720 non
680 3646 877 3720 Christiani
901 3646 1124 3743 nullumjus

76 3762 223 3861 capiunt
240 3762 526 3835 Christianarum
546 3763 759 3838 litterarum.
783 3812 785 3816 -
809 3764 868 3837 Ad
886 3789 976 3861 quos
994 3763 1125 3835 merito

75 3878 269 3952 dicendum
288 3891 354 3968 est,
373 3880 446 3962 Qui
470 3879 578 3952 estis?
604 3879 760 3978 quand0,
777 3892 814 3953 et
836 3881 935 3953 unde
954 3880 1100 3953 venistis
1112 3880 1174 3970 ?30

74 3996 162 4094 quid
185 3996 223 4068 in
248 4022 328 4068 meo
355 3995 460 4094 agitis
478 4022 551 4068 non
570 3996 666 4069 mei?
692 4024 765 4095 quo
782 3996 938 4095 denique
956 3997 1125 4070 Marcion

68 4113 151 4209 jure
180 4114 319 4213 sylvam
350 4138 468 4185 meam
498 4111 629 4185 caedis?
659 4140 731 4211 qua
761 4112 906 4186 licentia
931 4113 1125 4186 Valentine

73 4224 200 4304 fontes
216 4255 316 4303 meos
342 4228 570 4302 transvertis?
605 4256 676 4327 qua
702 4240 880 4329 potestate
905 4228 1054 4326 Apelles
1082 4229 1123 4301 li-
