2678 4830
159 322 201 383 12
384 319 417 382 S.
433 319 707 383 POLYCARPI
731 319 970 384 EPISTOLA

157 495 239 593 ύμῖν
256 495 336 595 περὶ
353 496 417 591 τῆς
434 491 668 591 δικαιοσύνης·
695 493 779 570 ἀλλ’
795 493 869 571 ἐπεὶ
883 494 978 591 ύμεῖς
995 525 1194 595 προεπεκα·

157 619 323 700 λέσασθέ
336 655 392 721 με.
442 622 538 700 Οὔτε
555 619 627 723 γάρ
645 618 730 721 ἐγὼ,
752 622 831 699 οὔτε
850 620 965 703 ἄλλος
983 616 1102 719 ὅμοιος
1120 624 1197 722 ἐμοὶ

156 748 301 829 δύναται
324 753 635 849 κατακολουθῆσαι
662 754 707 854 τῇ
733 750 849 856 σοφίᾳ
866 756 929 827 τοῦ
946 750 1120 852 μακαρίου
1139 751 1197 828 καὶ

154 874 300 984 ἐνδόξου
325 876 487 957 Παύλου·
519 875 558 961 ὃς
582 872 768 978 γενόμενος
796 878 833 955 ἐν
856 878 937 975 ύμῖν
961 876 1052 955 κατὰ
1073 874 1192 980 πράσ·

154 1041 254 1087 ωπον
270 1013 343 1086 τῶν
359 1003 438 1085 τότε
456 1003 667 1108 ἀνθρώπων,
689 1003 847 1110 ἐδίδαξεν
865 1007 1021 1107 ἀκριβῶς
1046 1008 1105 1085 καὶ
1128 1013 1218 1101 {tr-s

153 1136 266 1228 βαίως
293 1132 356 1215 τὸν
379 1137 461 1238 περὶ
487 1134 654 1240 ἀληθείας
681 1129 805 1234 λύγον·
837 1130 876 1217 δς
903 1135 961 1211 καὶ
989 1132 1091 1213 ἀπὼν
1115 1137 1197 1235 ὑμῖν

138 1261 315 1370 ,ἔγραψεν
332 1260 541 1360 ἐπιστολὰς,
563 1267 611 1345 είς
629 1257 671 1345 ἃς
689 1259 750 1340 ἐὰν
768 1259 978 1362 ἐγκύπτητε,
995 1258 1192 1362 δυνηθήσε·

109 1417 142 1469 ιο.
154 1396 223 1471 σθε
240 1394 501 1491 οἰκοδομεῖσθαι
519 1395 567 1474 είς
584 1387 649 1489 τὴν
667 1392 834 1469 δοθεῖσαν
856 1391 937 1489 ὑμῖν
960 1390 1099 1487 πίστιν,
1120 1390 1197 1490 ἥτις

154 1520 233 1599 ἐστὶ
250 1517 367 1621 μηιὴρ
383 1517 528 1599 πάντων
545 1519 660 1618 ἡμῶν,
677 1515 990 1617 ἐπακολουθούσης
1008 1521 1071 1616 τῆς
1089 1519 1191 1598 ἐλπί-

154 1648 230 1742 δος,
250 1642 482 1747 προαγούσης
499 1648 563 1743 τῆς
585 1643 742 1745 ἀγάπης,
763 1648 827 1742 τῆς
844 1650 893 1729 εἱς
911 1641 1006 1724 Θεὸν
1023 1647 1081 1724 καὶ
1099 1650 1192 1748 Χρι-
1207 1680 1237 1720 10

121 1814 127 1821 ·
154 1769 245 1853 στδυ
258 1775 316 1852 καὶ
329 1778 377 1857 εῖς
389 1768 452 1852 τὸν
464 1773 635 1872 πλησίον.
677 1771 766 1851 Ἐάν
784 1770 856 1876 γάρ
874 1808 927 1857 τις
944 1772 1080 1852 τούτων
1098 1770 1195 1858 ε’ντδς

153 1897 177 2006 ᾖ
191 1901 261 2002 (for.
273 1898 297 2007 ᾖ
310 1898 465 2006 πλήρης,
478 1908 538 2007 π.)
551 1898 784 2005 πεπλήρωκεν
795 1900 944 2000 ἐντολὴν
955 1900 1192 2003 δικαιοσύνης·

155 2024 264 2131 ὁγὰρ
282 2027 373 2132 ἔχων
390 2026 549 2129 ἀγάπην,
570 2027 709 2131 μακράν
728 2029 806 2108 ἐστι
824 2026 945 2128 πάσης
963 2029 1147 2131 άμαρπύις.

209 2152 255 2233 δ.
275 2153 391 2260 Ἀρχὴ
410 2153 448 2235 δέ
465 2152 609 2236 πάντων
626 2162 795 2260 χαλεπῶν
814 2157 1044 2263 φιλαργυρία.
1085 2154 1191 2237 Είδά-

154 2319 211 2369 τες
229 2285 291 2364 οὖν
309 2283 363 2364 ὅτι
380 2282 480 2364 ούδέν
499 2283 751 2385 εἰσηνέγκαμεν
775 2289 823 2368 εἰς
845 2282 909 2363 τὸν
933 2281 1086 2385 κύσμον,
1108 2287 1193 2363 ἀλλ’
1208 2327 1237 2384 15

152 2410 232 2492 ούδέ
257 2413 450 2520 ἐξενεγκεῖν
474 2449 509 2493 τι
534 2412 674 2518 ἔχομεν,
704 2410 942 2512 ὀπλισάμεθα
968 2420 1042 2497 τοῖς
1069 2412 1196 2499 ὅπλοις

151 2547 215 2642 τῆς
233 2541 471 2644 δικαιοσύνης,
492 2543 551 2621 καὶ
569 2539 767 2647 διδάξωμεν
785 2540 928 2625 ἑαυτοὺς
944 2548 1102 2643 πρῶτον,
1123 2577 1191 2622 πο-

151 2670 318 2774 ρεύεσθαι
344 2672 382 2748 ἐν
408 2677 453 2774 τῇ
481 2672 609 2773 ἐντολῇ
637 2677 700 2747 τοῦ
730 2670 875 2772 Κυρίου·
910 2668 1029 2748 ἔπειτα
1051 2673 1109 2748 καὶ
1132 2668 1195 2755 τὰς

153 2881 236 2940 vobis
250 2880 286 2937 de
296 2878 426 2957 justitio;
448 2878 653 2953 sedquoniam
695 2880 816 2937 cedente
833 2879 999 2947 dilectione,
1018 2900 1083 2956 quae
1103 2883 1193 2940 estin

153 2980 206 3019 vos
220 2959 408 3036 provocastis.
440 2959 562 3034 Propter
575 2960 653 3035 quod
694 2961 767 3026 Deo,
784 2972 813 3018 et
826 2961 857 3018 in
872 2961 999 3028 Christo,
1011 2974 1041 3019 et
1054 2962 1085 3020 in
1098 2964 1193 3040 proxi-

152 3060 249 3118 neque
268 3060 333 3120 ego,
348 3059 444 3115 neque
463 3040 564 3098 similis
582 3041 654 3098 alius
693 3060 753 3098 mo.
795 3041 827 3099 Si
848 3043 926 3099 enim
948 3043 1013 3118 quis
1028 3044 1133 3101 horum
1151 3045 1193 3102 in·

152 3123 212 3180 mei
238 3122 345 3199 poterit
370 3123 452 3197 sequi
481 3121 653 3198 sapientium
694 3122 835 3180 trinsecus
856 3124 984 3199 repletus
1005 3123 1093 3182 fuerit
1113 3145 1193 3184 mun·

152 3204 232 3263 beuti
260 3215 290 3262 et
316 3203 434 3283 gloriosi
465 3204 566 3261 Pauli:
603 3203 654 3280 qui
694 3203 769 3262 dotis
789 3205 919 3281 justitiae,
943 3216 973 3262 et
995 3206 1130 3264 habuerit
1151 3208 1192 3266 di-

152 3284 207 3343 fuit
225 3286 302 3363 apud
321 3305 383 3353 vos,
399 3296 430 3343 et
447 3286 526 3344 visus
545 3298 589 3345 est
608 3305 652 3344 se·
692 3285 867 3351 lectionem;
889 3287 976 3363 longe
995 3298 1039 3345 est
1056 3287 1093 3344 ab
1113 3290 1193 3346 omni

152 3368 281 3426 cundum
301 3368 407 3426 faciem
427 3368 494 3435 illis,
513 3369 563 3445 qui
583 3379 653 3426 tunc
693 3379 825 3444 peccato.

153 3459 247 3514 erant,
269 3449 452 3515 homiuibus;
482 3450 532 3524 qui
554 3449 655 3507 docuit
734 3449 786 3506 IV.
806 3449 982 3524 Principium
996 3458 1117 3507 ⁸autem
1132 3471 1191 3508 orn-

154 3530 314 3588 certissime
358 3541 446 3606 atque
489 3531 651 3588 finnissime
692 3530 775 3587 nium
808 3530 951 3588 mulorum
983 3543 1028 3588 est
1061 3533 1192 3591 avaritia.

153 3611 277 3668 verbum
297 3610 445 3677 veritatis;
475 3613 526 3687 qui
549 3623 579 3670 et
602 3614 651 3670 ub·
693 3611 804 3669 Scitote
829 3631 908 3689 ergo,
931 3612 993 3686 quic
1013 3612 1082 3668 ιαἸιιἹ
1102 3613 1192 3670 intull-

154 3712 222 3751 sens
236 3693 350 3768 scripsit
363 3693 446 3750 vobis
460 3694 605 3770 epistolas,
615 3694 653 3752 od
692 3713 750 3749 mus
767 3693 795 3750 ιἰι
814 3693 882 3749 λιιι
900 3694 1032 3758 mundum,
1048 3713 1130 3768 neque
1145 3714 1192 3753 au-

155 3794 227 3850 quas
251 3773 454 3840 deflectumini,
479 3786 513 3832 ut
537 3775 652 3850 possitis
683 3775 769 3850 ferre
785 3793 935 3849 possumus.
969 3774 1126 3831 Armemur
1147 3796 1191 3833 ur-

155 3855 290 3912 aedificuri
309 3855 340 3911 in
360 3855 417 3913 fide
439 3875 502 3930 quae
523 3855 591 3912 dato
609 3865 653 3912 est
692 3855 747 3911 mis
757 3856 894 3932 justitiae:
911 3867 940 3912 et
953 3855 1110 3913 doceamus
1124 3876 1192 3914 nos-

153 3936 246 4001 vobis,
265 3956 329 4013 quae
348 3947 392 3994 est
410 3947 504 3993 muter
522 3935 653 3992 omnium
693 3947 754 3992 met
767 3937 845 4012 ipsos
858 3936 983 4011 primum
998 3938 1147 3995 ambulare
1161 3939 1192 3995 iu

154 4029 295 4085 nostrum,
307 4017 502 4092 subsequente
514 4034 573 4091 spe,
583 4034 654 4091 prae-
693 4017 838 4074 mandatis
855 4017 983 4086 Domini,
999 4029 1029 4076 et
1048 4031 1115 4094 post
1134 4020 1192 4077 hoc

571 4167 611 4212 Ec
623 4164 707 4211 Smittt
718 4165 772 4211 ecit.

565 4263 578 4290 a
593 4266 602 4298 1
615 4251 679 4300 Tim.
691 4251 723 4299 vi.
738 4266 774 4300 ro.
