<?xml version="1.0" encoding="UTF-8"?>
<!DOCTYPE html PUBLIC "-//W3C//DTD XHTML 1.0 Transitional//EN"
    "http://www.w3.org/TR/xhtml1/DTD/xhtml1-transitional.dtd">
<html xmlns="http://www.w3.org/1999/xhtml" xml:lang="en" lang="en">
 <head>
  <title>
</title>
<meta http-equiv="Content-Type" content="text/html;charset=utf-8" />
  <meta name='ocr-system' content='tesseract 3.04.00' />
  <meta name='ocr-capabilities' content='ocr_page ocr_carea ocr_par ocr_line ocrx_word'/>
</head>
<body>
  <div class='ocr_page' id='page_1' title='image "./scriptorumeccle00unkngoog_0188.png"; bbox 0 0 2678 4830; ppageno 0'>
   <div class='ocr_carea' id='block_1_1' title="bbox 249 486 1110 999">
    <p class='ocr_par' dir='ltr' id='par_1_1' title="bbox 249 486 1110 999">
     <span class='ocr_line' id='line_1_1' title="bbox 677 486 726 543; baseline -0.02 0"><span class='ocrx_word' id='word_1_1' title='bbox 677 487 691 543; x_wconf 94' lang='lat' dir='ltr'><em>l</em></span> <span class='ocrx_word' id='word_1_2' title='bbox 696 486 726 542; x_wconf 92' lang='lat' dir='ltr'>N</span> 
     </span>
     <span class='ocr_line' id='line_1_2' title="bbox 249 628 1110 774; baseline 0.008 -7"><span class='ocrx_word' id='word_1_3' title='bbox 249 630 663 769; x_wconf 70' lang='lat' dir='ltr'><em>remoramur</em></span> <span class='ocrx_word' id='word_1_4' title='bbox 693 688 774 770; x_wconf 84' lang='lat' dir='ltr'><em>nn</em></span> <span class='ocrx_word' id='word_1_5' title='bbox 803 628 1110 774; x_wconf 79' lang='lat' dir='ltr'><em>oaArmun</em></span> 
     </span>
     <span class='ocr_line' id='line_1_3' title="bbox 382 893 979 999; baseline 0 -3"><span class='ocrx_word' id='word_1_6' title='bbox 382 893 979 999; x_wconf 86' lang='lat' dir='ltr'><strong>ANNOTATIONES.</strong></span> 
     </span>
    </p>
   </div>
   <div class='ocr_carea' id='block_1_2' title="bbox 533 1161 827 1207">
    <p class='ocr_par' dir='ltr' id='par_1_2' title="bbox 533 1161 827 1207">
     <span class='ocr_line' id='line_1_4' title="bbox 533 1161 827 1207; baseline 0.003 -13"><span class='ocrx_word' id='word_1_7' title='bbox 533 1161 827 1207; x_wconf 48' lang='grc' dir='ltr'><em>...φ-...-</em></span> 
     </span>
    </p>
   </div>
   <div class='ocr_carea' id='block_1_3' title="bbox 187 1340 1177 1514">
    <p class='ocr_par' dir='ltr' id='par_1_3' title="bbox 187 1340 1177 1514">
     <span class='ocr_line' id='line_1_5' title="bbox 187 1340 1177 1409; baseline 0.005 -5"><span class='ocrx_word' id='word_1_8' title='bbox 187 1341 245 1405; x_wconf 80' lang='lat' dir='ltr'><em>Ea</em></span> <span class='ocrx_word' id='word_1_9' title='bbox 260 1340 415 1405; x_wconf 73' lang='lat' dir='ltr'><strong><em>ludovici</em></strong></span> <span class='ocrx_word' id='word_1_10' title='bbox 430 1341 507 1406; x_wconf 82' lang='lat' dir='ltr'><em>Ant.</em></span> <span class='ocrx_word' id='word_1_11' title='bbox 522 1342 702 1405; x_wconf 87' lang='lat' dir='ltr'><em>Maratorii</em></span> <span class='ocrx_word' id='word_1_12' title='bbox 718 1343 755 1404; x_wconf 90' lang='lat' dir='ltr'><em>in</em></span> <span class='ocrx_word' id='word_1_13' title='bbox 774 1342 969 1406; x_wconf 75' lang='lat' dir='ltr'><em>Tertulliani</em></span> <span class='ocrx_word' id='word_1_14' title='bbox 986 1345 1124 1409; x_wconf 76' lang='lat' dir='ltr'><em>Libram</em></span> <span class='ocrx_word' id='word_1_15' title='bbox 1139 1346 1177 1409; x_wconf 82' lang='lat' dir='ltr'><em>de</em></span> 
     </span>
     <span class='ocr_line' id='line_1_6' title="bbox 478 1427 888 1514; baseline -0.002 -23"><span class='ocrx_word' id='word_1_16' title='bbox 478 1429 629 1491; x_wconf 76' lang='lat' dir='ltr'><em>Oratione</em></span> <span class='ocrx_word' id='word_1_17' title='bbox 642 1427 888 1514; x_wconf 79' lang='lat' dir='ltr'><em>Prolegonenia.</em></span> 
     </span>
    </p>
   </div>
   <div class='ocr_carea' id='block_1_4' title="bbox 159 1562 1207 1908">
    <p class='ocr_par' dir='ltr' id='par_1_4' title="bbox 159 1562 1207 1908">
     <span class='ocr_line' id='line_1_7' title="bbox 202 1562 1206 1651; baseline 0.004 -24"><span class='ocrx_word' id='word_1_18' title='bbox 202 1564 382 1628; x_wconf 77' lang='lat' dir='ltr'><em>Pnuaruos</em></span> <span class='ocrx_word' id='word_1_19' title='bbox 406 1562 596 1629; x_wconf 82' lang='lat' dir='ltr'><em>Tertulliani</em></span> <span class='ocrx_word' id='word_1_20' title='bbox 616 1562 717 1627; x_wconf 89' lang='lat' dir='ltr'><em>editos</em></span> <span class='ocrx_word' id='word_1_21' title='bbox 738 1562 844 1642; x_wconf 89' lang='lat' dir='ltr'><em>libros,</em></span> <span class='ocrx_word' id='word_1_22' title='bbox 863 1587 980 1651; x_wconf 89' lang='lat' dir='ltr'><em>paucos</em></span> <span class='ocrx_word' id='word_1_23' title='bbox 1002 1588 1076 1629; x_wconf 90' lang='lat' dir='ltr'><em>vero</em></span> <span class='ocrx_word' id='word_1_24' title='bbox 1098 1589 1206 1631; x_wconf 84' lang='lat' dir='ltr'><em>manu-</em></span> 
     </span>
     <span class='ocr_line' id='line_1_8' title="bbox 160 1649 1207 1736; baseline 0.005 -25"><span class='ocrx_word' id='word_1_25' title='bbox 160 1649 289 1736; x_wconf 85' lang='lat' dir='ltr'><em>scriptos</em></span> <span class='ocrx_word' id='word_1_26' title='bbox 311 1650 344 1712; x_wconf 90' lang='lat' dir='ltr'><em>in</em></span> <span class='ocrx_word' id='word_1_27' title='bbox 365 1649 561 1715; x_wconf 85' lang='lat' dir='ltr'><em>bibliothecis</em></span> <span class='ocrx_word' id='word_1_28' title='bbox 581 1671 791 1713; x_wconf 83' lang='lat' dir='ltr'><strong>numeramus.</strong></span> <span class='ocrx_word' id='word_1_29' title='bbox 837 1650 925 1714; x_wconf 88' lang='lat' dir='ltr'><em>Hinc</em></span> <span class='ocrx_word' id='word_1_30' title='bbox 949 1651 1079 1728; x_wconf 88' lang='lat' dir='ltr'><em>factum,</em></span> <span class='ocrx_word' id='word_1_31' title='bbox 1105 1667 1141 1716; x_wconf 87' lang='lat' dir='ltr'><em>ut</em></span> <span class='ocrx_word' id='word_1_32' title='bbox 1166 1675 1207 1716; x_wconf 90' lang='lat' dir='ltr'><em>ue</em></span> 
     </span>
     <span class='ocr_line' id='line_1_9' title="bbox 159 1735 1207 1824; baseline 0.004 -26"><span class='ocrx_word' id='word_1_33' title='bbox 159 1735 264 1799; x_wconf 87' lang='lat' dir='ltr'><em>adhuc</em></span> <span class='ocrx_word' id='word_1_34' title='bbox 278 1735 407 1822; x_wconf 91' lang='lat' dir='ltr'><em>quidem</em></span> <span class='ocrx_word' id='word_1_35' title='bbox 422 1736 651 1800; x_wconf 80' lang='lat' dir='ltr'><em>accuratissime</em></span> <span class='ocrx_word' id='word_1_36' title='bbox 671 1750 684 1798; x_wconf 96' lang='lat' dir='ltr'><em>t</em></span> <span class='ocrx_word' id='word_1_37' title='bbox 707 1736 756 1823; x_wconf 88' lang='lat' dir='ltr'><em>pis</em></span> <span class='ocrx_word' id='word_1_38' title='bbox 773 1736 929 1823; x_wconf 89' lang='lat' dir='ltr'><em>descripta</em></span> <span class='ocrx_word' id='word_1_39' title='bbox 942 1736 1026 1801; x_wconf 88' lang='lat' dir='ltr'><em>illius</em></span> <span class='ocrx_word' id='word_1_40' title='bbox 1040 1760 1136 1824; x_wconf 88' lang='lat' dir='ltr'><em>opera</em></span> <span class='ocrx_word' id='word_1_41' title='bbox 1150 1738 1207 1802; x_wconf 86' lang='lat' dir='ltr'><em>ha-</em></span> 
     </span>
     <span class='ocr_line' id='line_1_10' title="bbox 159 1759 1206 1908; baseline 0.005 -24"><span class='ocrx_word' id='word_1_42' title='bbox 159 1821 307 1895; x_wconf 87' lang='lat' dir='ltr'><em>beamus;</em></span> <span class='ocrx_word' id='word_1_43' title='bbox 331 1821 479 1908; x_wconf 85' lang='lat' dir='ltr'><em>quaedam</em></span> <span class='ocrx_word' id='word_1_44' title='bbox 495 1821 617 1901; x_wconf 90' lang='lat' dir='ltr'><em>mutila,</em></span> <span class='ocrx_word' id='word_1_45' title='bbox 632 1759 788 1908; x_wconf 83' lang='lat' dir='ltr'><em>soedisque</em></span> <span class='ocrx_word' id='word_1_46' title='bbox 804 1822 986 1887; x_wconf 88' lang='lat' dir='ltr'><em>vulneribus</em></span> <span class='ocrx_word' id='word_1_47' title='bbox 1002 1823 1160 1889; x_wconf 85' lang='lat' dir='ltr'><em>horrentia</em></span> <span class='ocrx_word' id='word_1_48' title='bbox 1173 1824 1206 1889; x_wconf 90' lang='lat' dir='ltr'><em>in</em></span> 
     </span>
    </p>
   </div>
   <div class='ocr_carea' id='block_1_5' title="bbox 159 1905 1208 2484">
    <p class='ocr_par' dir='ltr' id='par_1_5' title="bbox 159 1905 1208 2484">
     <span class='ocr_line' id='line_1_11' title="bbox 159 1905 1208 1997; baseline 0.006 -27"><span class='ocrx_word' id='word_1_49' title='bbox 159 1905 321 1992; x_wconf 89' lang='lat' dir='ltr'><em>publicum</em></span> <span class='ocrx_word' id='word_1_50' title='bbox 344 1907 536 1994; x_wconf 88' lang='lat' dir='ltr'><em>prodierint;</em></span> <span class='ocrx_word' id='word_1_51' title='bbox 559 1906 711 1971; x_wconf 92' lang='lat' dir='ltr'><em>nonnulla</em></span> <span class='ocrx_word' id='word_1_52' title='bbox 731 1906 825 1971; x_wconf 89' lang='lat' dir='ltr'><em>etiam</em></span> <span class='ocrx_word' id='word_1_53' title='bbox 847 1907 1074 1987; x_wconf 86' lang='lat' dir='ltr'><em>desiderentur,</em></span> <span class='ocrx_word' id='word_1_54' title='bbox 1093 1930 1208 1997; x_wconf 82' lang='lat' dir='ltr'><em>quaea</em></span> 
     </span>
     <span class='ocr_line' id='line_1_12' title="bbox 161 1992 1208 2083; baseline 0.003 -28"><span class='ocrx_word' id='word_1_55' title='bbox 161 1992 359 2057; x_wconf 82' lang='lat' dir='ltr'><em>Tertulliano</em></span> <span class='ocrx_word' id='word_1_56' title='bbox 380 1992 528 2080; x_wconf 86' lang='lat' dir='ltr'><em>evulgata</em></span> <span class='ocrx_word' id='word_1_57' title='bbox 550 1993 675 2070; x_wconf 88' lang='lat' dir='ltr'><em>scimus,</em></span> <span class='ocrx_word' id='word_1_58' title='bbox 690 2007 723 2057; x_wconf 89' lang='lat' dir='ltr'><em>at</em></span> <span class='ocrx_word' id='word_1_59' title='bbox 744 1992 833 2057; x_wconf 91' lang='lat' dir='ltr'><em>nobis</em></span> <span class='ocrx_word' id='word_1_60' title='bbox 854 1994 895 2059; x_wconf 91' lang='lat' dir='ltr'><em>ab</em></span> <span class='ocrx_word' id='word_1_61' title='bbox 917 1994 1069 2059; x_wconf 84' lang='lat' dir='ltr'><em>edacitate</em></span> <span class='ocrx_word' id='word_1_62' title='bbox 1089 2009 1208 2083; x_wconf 88' lang='lat' dir='ltr'><em>tempo-</em></span> 
     </span>
     <span class='ocr_line' id='line_1_13' title="bbox 159 2078 1208 2166; baseline 0.004 -25"><span class='ocrx_word' id='word_1_63' title='bbox 159 2100 230 2142; x_wconf 91' lang='lat' dir='ltr'><em>rum</em></span> <span class='ocrx_word' id='word_1_64' title='bbox 245 2079 372 2143; x_wconf 92' lang='lat' dir='ltr'><em>omniuo</em></span> <span class='ocrx_word' id='word_1_65' title='bbox 387 2094 494 2166; x_wconf 91' lang='lat' dir='ltr'><em>erepta</em></span> <span class='ocrx_word' id='word_1_66' title='bbox 507 2103 598 2165; x_wconf 86' lang='lat' dir='ltr'><em>aeque</em></span> <span class='ocrx_word' id='word_1_67' title='bbox 616 2078 810 2165; x_wconf 88' lang='lat' dir='ltr'><em>suspicamur</em></span> <span class='ocrx_word' id='word_1_68' title='bbox 824 2093 856 2143; x_wconf 90' lang='lat' dir='ltr'><em>et</em></span> <span class='ocrx_word' id='word_1_69' title='bbox 870 2079 1024 2144; x_wconf 86' lang='lat' dir='ltr'><em>dolemus.</em></span> <span class='ocrx_word' id='word_1_70' title='bbox 1066 2081 1208 2146; x_wconf 88' lang='lat' dir='ltr'><em>Meliori-</em></span> 
     </span>
     <span class='ocr_line' id='line_1_14' title="bbox 159 2163 1206 2253; baseline 0.003 -25"><span class='ocrx_word' id='word_1_71' title='bbox 159 2163 220 2228; x_wconf 89' lang='lat' dir='ltr'><em>bus</em></span> <span class='ocrx_word' id='word_1_72' title='bbox 235 2165 307 2229; x_wconf 85' lang='lat' dir='ltr'><em>fatis</em></span> <span class='ocrx_word' id='word_1_73' title='bbox 323 2165 488 2252; x_wconf 90' lang='lat' dir='ltr'><em>hucusque</em></span> <span class='ocrx_word' id='word_1_74' title='bbox 502 2165 629 2250; x_wconf 86' lang='lat' dir='ltr'><em>gavisus</em></span> <span class='ocrx_word' id='word_1_75' title='bbox 646 2187 709 2228; x_wconf 90' lang='lat' dir='ltr'><em>non</em></span> <span class='ocrx_word' id='word_1_76' title='bbox 729 2181 776 2228; x_wconf 88' lang='lat' dir='ltr'><em>est</em></span> <span class='ocrx_word' id='word_1_77' title='bbox 789 2163 868 2229; x_wconf 89' lang='lat' dir='ltr'><em>liber</em></span> <span class='ocrx_word' id='word_1_78' title='bbox 879 2166 916 2228; x_wconf 77' lang='lat' dir='ltr'><em>do</em></span> <span class='ocrx_word' id='word_1_79' title='bbox 934 2167 1095 2244; x_wconf 85' lang='lat' dir='ltr'><em>Oratione,</em></span> <span class='ocrx_word' id='word_1_80' title='bbox 1111 2190 1206 2253; x_wconf 91' lang='lat' dir='ltr'><em>quem</em></span> 
     </span>
     <span class='ocr_line' id='line_1_15' title="bbox 160 2249 1207 2337; baseline 0.003 -24"><span class='ocrx_word' id='word_1_81' title='bbox 160 2250 280 2336; x_wconf 89' lang='lat' dir='ltr'><em>primus</em></span> <span class='ocrx_word' id='word_1_82' title='bbox 294 2251 434 2315; x_wconf 91' lang='lat' dir='ltr'><em>omnium</em></span> <span class='ocrx_word' id='word_1_83' title='bbox 457 2250 584 2314; x_wconf 90' lang='lat' dir='ltr'><em>Parisiis</em></span> <span class='ocrx_word' id='word_1_84' title='bbox 598 2274 615 2313; x_wconf 94' lang='lat' dir='ltr'><em>e</em></span> <span class='ocrx_word' id='word_1_85' title='bbox 631 2249 840 2314; x_wconf 87' lang='lat' dir='ltr'><em>vetustissimo</em></span> <span class='ocrx_word' id='word_1_86' title='bbox 854 2251 960 2314; x_wconf 85' lang='lat' dir='ltr'><em>codice</em></span> <span class='ocrx_word' id='word_1_87' title='bbox 974 2250 1134 2337; x_wconf 87' lang='lat' dir='ltr'><em>evulgavit</em></span> <span class='ocrx_word' id='word_1_88' title='bbox 1149 2255 1173 2316; x_wconf 88' lang='lat' dir='ltr'>J</span> <span class='ocrx_word' id='word_1_89' title='bbox 1173 2277 1207 2316; x_wconf 93' lang='lat' dir='ltr'><em>o-</em></span> 
     </span>
     <span class='ocr_line' id='line_1_16' title="bbox 159 2335 1206 2484; baseline 0.002 -85"><span class='ocrx_word' id='word_1_90' title='bbox 159 2352 255 2401; x_wconf 79' lang='lat' dir='ltr'><em>anne&#39;s</em></span> <span class='ocrx_word' id='word_1_91' title='bbox 278 2337 442 2424; x_wconf 86' lang='lat' dir='ltr'><em>Gagnejus</em></span> <span class='ocrx_word' id='word_1_92' title='bbox 462 2335 644 2400; x_wconf 89' lang='lat' dir='ltr'><em>Parisiensis</em></span> <span class='ocrx_word' id='word_1_93' title='bbox 662 2335 828 2484; x_wconf 53' lang='lat' dir='ltr'><em>theolopus</em></span> <span class='ocrx_word' id='word_1_94' title='bbox 842 2338 886 2400; x_wconf 89' lang='lat' dir='ltr'><em>A.</em></span> <span class='ocrx_word' id='word_1_95' title='bbox 898 2338 937 2400; x_wconf 87' lang='lat' dir='ltr'><em>C.</em></span> <span class='ocrx_word' id='word_1_96' title='bbox 953 2351 1047 2421; x_wconf 85' lang='lat'><em>1545,</em></span> <span class='ocrx_word' id='word_1_97' title='bbox 1062 2349 1095 2400; x_wconf 88' lang='lat' dir='ltr'><em>at</em></span> <span class='ocrx_word' id='word_1_98' title='bbox 1116 2337 1206 2402; x_wconf 91' lang='lat' dir='ltr'><em>mini-</em></span> 
     </span>
    </p>
   </div>
   <div class='ocr_carea' id='block_1_6' title="bbox 152 2420 1206 4286">
    <p class='ocr_par' dir='ltr' id='par_1_6' title="bbox 152 2420 1206 4286">
     <span class='ocr_line' id='line_1_17' title="bbox 160 2420 1206 2510; baseline 0.003 -25"><span class='ocrx_word' id='word_1_99' title='bbox 160 2444 209 2486; x_wconf 91' lang='lat' dir='ltr'><em>me</em></span> <span class='ocrx_word' id='word_1_100' title='bbox 223 2423 394 2510; x_wconf 86' lang='lat' dir='ltr'><em>integrum,</em></span> <span class='ocrx_word' id='word_1_101' title='bbox 409 2437 443 2487; x_wconf 91' lang='lat' dir='ltr'><em>at</em></span> <span class='ocrx_word' id='word_1_102' title='bbox 463 2422 577 2486; x_wconf 86' lang='lat' dir='ltr'><em>illustri</em></span> <span class='ocrx_word' id='word_1_103' title='bbox 597 2420 742 2485; x_wconf 90' lang='lat' dir='ltr'><em>coronide</em></span> <span class='ocrx_word' id='word_1_104' title='bbox 784 2420 959 2486; x_wconf 89' lang='lat' dir='ltr'><em>estitutum.</em></span> <span class='ocrx_word' id='word_1_105' title='bbox 1004 2423 1117 2508; x_wconf 92' lang='lat' dir='ltr'><em>Neque</em></span> <span class='ocrx_word' id='word_1_106' title='bbox 1132 2423 1206 2489; x_wconf 88' lang='lat' dir='ltr'><em>huic</em></span> 
     </span>
     <span class='ocr_line' id='line_1_18' title="bbox 160 2507 1205 2605; baseline 0.003 -35"><span class='ocrx_word' id='word_1_107' title='bbox 160 2507 286 2573; x_wconf 88' lang='lat' dir='ltr'><em>editioni</em></span> <span class='ocrx_word' id='word_1_108' title='bbox 306 2507 436 2595; x_wconf 85' lang='lat' dir='ltr'><em>reliquae</em></span> <span class='ocrx_word' id='word_1_109' title='bbox 458 2509 633 2572; x_wconf 71' lang='lat' dir='ltr'><em>subsecutae</em></span> <span class='ocrx_word' id='word_1_110' title='bbox 653 2530 745 2593; x_wconf 90' lang='lat' dir='ltr'><em>opem</em></span> <span class='ocrx_word' id='word_1_111' title='bbox 772 2507 870 2571; x_wconf 88' lang='lat' dir='ltr'><em>tulere</em></span> <span class='ocrx_word' id='word_1_112' title='bbox 895 2530 962 2605; x_wconf 86' lang='lat' dir='ltr'><em>prae</em></span> <span class='ocrx_word' id='word_1_113' title='bbox 985 2507 1129 2572; x_wconf 87' lang='lat' dir='ltr'><em>codicum</em></span> <span class='ocrx_word' id='word_1_114' title='bbox 1155 2509 1205 2573; x_wconf 91' lang='lat' dir='ltr'><em>in·</em></span> 
     </span>
     <span class='ocr_line' id='line_1_19' title="bbox 159 2592 1205 2680; baseline 0.004 -24"><span class='ocrx_word' id='word_1_115' title='bbox 159 2593 239 2679; x_wconf 87' lang='lat' dir='ltr'><em>opia.</em></span> <span class='ocrx_word' id='word_1_116' title='bbox 286 2595 378 2659; x_wconf 90' lang='lat' dir='ltr'><em>Unus</em></span> <span class='ocrx_word' id='word_1_117' title='bbox 400 2608 523 2659; x_wconf 91' lang='lat' dir='ltr'><em>tantum</em></span> <span class='ocrx_word' id='word_1_118' title='bbox 546 2592 705 2680; x_wconf 86' lang='lat' dir='ltr'><em>Rigaltius</em></span> <span class='ocrx_word' id='word_1_119' title='bbox 720 2594 758 2656; x_wconf 87' lang='lat' dir='ltr'><em>V.</em></span> <span class='ocrx_word' id='word_1_120' title='bbox 772 2595 808 2657; x_wconf 85' lang='lat' dir='ltr'><em>C.</em></span> <span class='ocrx_word' id='word_1_121' title='bbox 832 2592 978 2657; x_wconf 80' lang='lat' dir='ltr'><em>mutilum</em></span> <span class='ocrx_word' id='word_1_122' title='bbox 1001 2617 1066 2657; x_wconf 90' lang='lat' dir='ltr'><em>esse</em></span> <span class='ocrx_word' id='word_1_123' title='bbox 1087 2593 1205 2660; x_wconf 90' lang='lat' dir='ltr'><em>librum</em></span> 
     </span>
     <span class='ocr_line' id='line_1_20' title="bbox 159 2678 1203 2766; baseline 0.002 -24"><span class='ocrx_word' id='word_1_124' title='bbox 159 2679 389 2756; x_wconf 88' lang='lat' dir='ltr'><em>animadvertit,</em></span> <span class='ocrx_word' id='word_1_125' title='bbox 412 2695 443 2744; x_wconf 90' lang='lat' dir='ltr'><em>et</em></span> <span class='ocrx_word' id='word_1_126' title='bbox 467 2680 589 2766; x_wconf 85' lang='lat' dir='ltr'><em>aliquot</em></span> <span class='ocrx_word' id='word_1_127' title='bbox 613 2678 778 2743; x_wconf 85' lang='lat' dir='ltr'><em>dumtaxat</em></span> <span class='ocrx_word' id='word_1_128' title='bbox 802 2678 890 2742; x_wconf 89' lang='lat' dir='ltr'><em>lineis</em></span> <span class='ocrx_word' id='word_1_129' title='bbox 912 2678 944 2741; x_wconf 91' lang='lat' dir='ltr'><em>in</em></span> <span class='ocrx_word' id='word_1_130' title='bbox 969 2678 1052 2744; x_wconf 87' lang='lat' dir='ltr'><em>calae</em></span> <span class='ocrx_word' id='word_1_131' title='bbox 1077 2680 1203 2760; x_wconf 85' lang='lat' dir='ltr'><em>additis,</em></span> 
     </span>
     <span class='ocr_line' id='line_1_21' title="bbox 159 2764 1206 2854; baseline 0.002 -26"><span class='ocrx_word' id='word_1_132' title='bbox 159 2766 343 2830; x_wconf 87' lang='lat' dir='ltr'><em>medicinam</em></span> <span class='ocrx_word' id='word_1_133' title='bbox 368 2765 435 2830; x_wconf 91' lang='lat' dir='ltr'><em>aliis</em></span> <span class='ocrx_word' id='word_1_134' title='bbox 457 2765 685 2852; x_wconf 89' lang='lat' dir='ltr'><em>propinandam</em></span> <span class='ocrx_word' id='word_1_135' title='bbox 707 2764 841 2851; x_wconf 88' lang='lat' dir='ltr'><em>reliquit.</em></span> <span class='ocrx_word' id='word_1_136' title='bbox 887 2765 996 2842; x_wconf 83' lang='lat' dir='ltr'><em>Quum</em></span> <span class='ocrx_word' id='word_1_137' title='bbox 1016 2765 1124 2852; x_wconf 85' lang='lat' dir='ltr'><em>itaque</em></span> <span class='ocrx_word' id='word_1_138' title='bbox 1145 2790 1206 2854; x_wconf 86' lang='lat' dir='ltr'><em>ego</em></span> 
     </span>
     <span class='ocr_line' id='line_1_22' title="bbox 159 2848 1204 2933; baseline 0.003 -20"><span class='ocrx_word' id='word_1_139' title='bbox 159 2849 320 2916; x_wconf 89' lang='lat' dir='ltr'><em>inciderim</em></span> <span class='ocrx_word' id='word_1_140' title='bbox 346 2852 378 2916; x_wconf 90' lang='lat' dir='ltr'><em>in</em></span> <span class='ocrx_word' id='word_1_141' title='bbox 405 2866 564 2916; x_wconf 89' lang='lat' dir='ltr'><em>vetustum</em></span> <span class='ocrx_word' id='word_1_142' title='bbox 590 2850 809 2914; x_wconf 86' lang='lat' dir='ltr'><em>Ambrosianae</em></span> <span class='ocrx_word' id='word_1_143' title='bbox 832 2848 1029 2917; x_wconf 87' lang='lat' dir='ltr'><em>bibliothecae</em></span> <span class='ocrx_word' id='word_1_144' title='bbox 1054 2852 1204 2933; x_wconf 89' lang='lat' dir='ltr'><em>codicem,</em></span> 
     </span>
     <span class='ocr_line' id='line_1_23' title="bbox 159 2936 1205 3024; baseline 0.003 -24"><span class='ocrx_word' id='word_1_145' title='bbox 159 2936 213 3001; x_wconf 93' lang='lat' dir='ltr'><em>ubi</em></span> <span class='ocrx_word' id='word_1_146' title='bbox 234 2937 419 3024; x_wconf 87' lang='lat' dir='ltr'><em>legebantur</em></span> <span class='ocrx_word' id='word_1_147' title='bbox 441 2961 514 3023; x_wconf 86' lang='lat' dir='ltr'><em>quae</em></span> <span class='ocrx_word' id='word_1_148' title='bbox 535 2937 567 3000; x_wconf 92' lang='lat' dir='ltr'><em>in</em></span> <span class='ocrx_word' id='word_1_149' title='bbox 589 2936 699 3001; x_wconf 88' lang='lat' dir='ltr'><em>ceteris</em></span> <span class='ocrx_word' id='word_1_150' title='bbox 720 2936 844 3013; x_wconf 86' lang='lat' dir='ltr'><em>desunt,</em></span> <span class='ocrx_word' id='word_1_151' title='bbox 864 2937 1013 3002; x_wconf 87' lang='lat' dir='ltr'><em>continuo</em></span> <span class='ocrx_word' id='word_1_152' title='bbox 1032 2938 1205 3004; x_wconf 89' lang='lat' dir='ltr'><em>Anecdotis</em></span> 
     </span>
     <span class='ocr_line' id='line_1_24' title="bbox 159 3021 1205 3110; baseline 0.003 -24"><span class='ocrx_word' id='word_1_153' title='bbox 159 3022 236 3087; x_wconf 89' lang='lat' dir='ltr'><em>meis</em></span> <span class='ocrx_word' id='word_1_154' title='bbox 257 3024 376 3103; x_wconf 89' lang='lat' dir='ltr'><em>addidi,</em></span> <span class='ocrx_word' id='word_1_155' title='bbox 395 3024 492 3088; x_wconf 88' lang='lat' dir='ltr'><em>veluti</em></span> <span class='ocrx_word' id='word_1_156' title='bbox 514 3045 653 3110; x_wconf 86' lang='lat' dir='ltr'><em>gemmas</em></span> <span class='ocrx_word' id='word_1_157' title='bbox 674 3022 818 3087; x_wconf 87' lang='lat' dir='ltr'><em>literariae</em></span> <span class='ocrx_word' id='word_1_158' title='bbox 840 3021 1020 3108; x_wconf 89' lang='lat' dir='ltr'><em>reipublicae</em></span> <span class='ocrx_word' id='word_1_159' title='bbox 1040 3023 1074 3087; x_wconf 92' lang='lat' dir='ltr'><em>in</em></span> <span class='ocrx_word' id='word_1_160' title='bbox 1095 3025 1205 3110; x_wconf 87' lang='lat' dir='ltr'><em>primis</em></span> 
     </span>
     <span class='ocr_line' id='line_1_25' title="bbox 158 3107 1204 3195; baseline 0.002 -22"><span class='ocrx_word' id='word_1_161' title='bbox 158 3122 272 3194; x_wconf 87' lang='lat' dir='ltr'><em>gratas.</em></span> <span class='ocrx_word' id='word_1_162' title='bbox 314 3113 532 3195; x_wconf 86' lang='lat' dir='ltr'><em>Quaecumque</em></span> <span class='ocrx_word' id='word_1_163' title='bbox 546 3108 628 3173; x_wconf 91' lang='lat' dir='ltr'><em>enim</em></span> <span class='ocrx_word' id='word_1_164' title='bbox 644 3131 661 3172; x_wconf 91' lang='lat' dir='ltr'><em>e</em></span> <span class='ocrx_word' id='word_1_165' title='bbox 677 3107 887 3185; x_wconf 84' lang='lat' dir='ltr'><em>Tertulliano,</em></span> <span class='ocrx_word' id='word_1_166' title='bbox 902 3109 1041 3172; x_wconf 90' lang='lat' dir='ltr'><em>omnium</em></span> <span class='ocrx_word' id='word_1_167' title='bbox 1056 3123 1140 3174; x_wconf 89' lang='lat' dir='ltr'><em>certe</em></span> <span class='ocrx_word' id='word_1_168' title='bbox 1154 3111 1204 3175; x_wconf 88' lang='lat' dir='ltr'><em>sui</em></span> 
     </span>
     <span class='ocr_line' id='line_1_26' title="bbox 160 3194 1204 3292; baseline 0.002 -34"><span class='ocrx_word' id='word_1_169' title='bbox 160 3194 307 3282; x_wconf 89' lang='lat' dir='ltr'><em>temporis</em></span> <span class='ocrx_word' id='word_1_170' title='bbox 321 3195 540 3274; x_wconf 88' lang='lat' dir='ltr'><em>eruditissimo,</em></span> <span class='ocrx_word' id='word_1_171' title='bbox 556 3194 651 3259; x_wconf 88' lang='lat' dir='ltr'><em>literis</em></span> <span class='ocrx_word' id='word_1_172' title='bbox 665 3194 846 3279; x_wconf 85' lang='lat' dir='ltr'><em>consignata</em></span> <span class='ocrx_word' id='word_1_173' title='bbox 860 3207 944 3270; x_wconf 90' lang='lat' dir='ltr'><em>sunt,</em></span> <span class='ocrx_word' id='word_1_174' title='bbox 960 3217 1059 3292; x_wconf 86' lang='lat' dir='ltr'><em>eaque</em></span> <span class='ocrx_word' id='word_1_175' title='bbox 1075 3217 1204 3281; x_wconf 80' lang='lat' dir='ltr'><em>praeser-</em></span> 
     </span>
     <span class='ocr_line' id='line_1_27' title="bbox 159 3277 1203 3376; baseline 0.003 -33"><span class='ocrx_word' id='word_1_176' title='bbox 159 3279 226 3358; x_wconf 93' lang='lat' dir='ltr'><em>tim,</em></span> <span class='ocrx_word' id='word_1_177' title='bbox 242 3304 315 3368; x_wconf 85' lang='lat' dir='ltr'><em>quae</em></span> <span class='ocrx_word' id='word_1_178' title='bbox 333 3281 365 3345; x_wconf 91' lang='lat' dir='ltr'><em>in</em></span> <span class='ocrx_word' id='word_1_179' title='bbox 386 3281 493 3346; x_wconf 88' lang='lat' dir='ltr'><em>castris</em></span> <span class='ocrx_word' id='word_1_180' title='bbox 511 3278 733 3346; x_wconf 84' lang='lat' dir='ltr'><em>catholicorum</em></span> <span class='ocrx_word' id='word_1_181' title='bbox 753 3277 885 3376; x_wconf 89' lang='lat' dir='ltr'><em>scriptis,</em></span> <span class='ocrx_word' id='word_1_182' title='bbox 905 3294 1016 3364; x_wconf 79' lang='lat' dir='ltr'><em>quanti</em></span> <span class='ocrx_word' id='word_1_183' title='bbox 1036 3279 1097 3343; x_wconf 90' lang='lat' dir='ltr'><em>sint</em></span> <span class='ocrx_word' id='word_1_184' title='bbox 1116 3281 1203 3366; x_wconf 88' lang='lat' dir='ltr'><em>apud</em></span> 
     </span>
     <span class='ocr_line' id='line_1_28' title="bbox 158 3364 1201 3453; baseline 0.001 -23"><span class='ocrx_word' id='word_1_185' title='bbox 158 3388 266 3431; x_wconf 93' lang='lat' dir='ltr'><em>omnes</em></span> <span class='ocrx_word' id='word_1_186' title='bbox 287 3367 498 3432; x_wconf 88' lang='lat' dir='ltr'><em>ecclesiasticae</em></span> <span class='ocrx_word' id='word_1_187' title='bbox 519 3366 564 3430; x_wconf 93' lang='lat' dir='ltr'><em>rei</em></span> <span class='ocrx_word' id='word_1_188' title='bbox 586 3365 731 3442; x_wconf 88' lang='lat' dir='ltr'><em>cultores,</em></span> <span class='ocrx_word' id='word_1_189' title='bbox 745 3364 794 3427; x_wconf 87' lang='lat' dir='ltr'><em>vel</em></span> <span class='ocrx_word' id='word_1_190' title='bbox 817 3365 892 3451; x_wconf 80' lang='lat' dir='ltr'><em>ipsis</em></span> <span class='ocrx_word' id='word_1_191' title='bbox 916 3364 1081 3451; x_wconf 88' lang='lat' dir='ltr'><em>tyronibus</em></span> <span class='ocrx_word' id='word_1_192' title='bbox 1105 3380 1201 3453; x_wconf 87' lang='lat' dir='ltr'><em>patet.</em></span> 
     </span>
     <span class='ocr_line' id='line_1_29' title="bbox 158 3450 1204 3519; baseline 0.004 -4"><span class='ocrx_word' id='word_1_193' title='bbox 158 3452 389 3519; x_wconf 83' lang='lat' dir='ltr'><em>Ambrosianus</em></span> <span class='ocrx_word' id='word_1_194' title='bbox 408 3466 512 3518; x_wconf 86' lang='lat' dir='ltr'><em>autem</em></span> <span class='ocrx_word' id='word_1_195' title='bbox 530 3451 628 3516; x_wconf 88' lang='lat' dir='ltr'><em>codex</em></span> <span class='ocrx_word' id='word_1_196' title='bbox 650 3474 713 3515; x_wconf 91' lang='lat' dir='ltr'><em>non</em></span> <span class='ocrx_word' id='word_1_197' title='bbox 728 3450 769 3514; x_wconf 92' lang='lat' dir='ltr'><em>ab</em></span> <span class='ocrx_word' id='word_1_198' title='bbox 785 3450 942 3515; x_wconf 85' lang='lat' dir='ltr'><em>Orationis</em></span> <span class='ocrx_word' id='word_1_199' title='bbox 962 3450 1137 3517; x_wconf 85' lang='lat' dir='ltr'><em>Dominicae</em></span> <span class='ocrx_word' id='word_1_200' title='bbox 1150 3476 1204 3518; x_wconf 90' lang='lat' dir='ltr'><em>ex-</em></span> 
     </span>
     <span class='ocr_line' id='line_1_30' title="bbox 158 3535 1203 3625; baseline 0.002 -24"><span class='ocrx_word' id='word_1_201' title='bbox 158 3538 321 3623; x_wconf 91' lang='lat' dir='ltr'><em>positione,</em></span> <span class='ocrx_word' id='word_1_202' title='bbox 338 3554 374 3604; x_wconf 92' lang='lat' dir='ltr'><em>ut</em></span> <span class='ocrx_word' id='word_1_203' title='bbox 391 3539 425 3602; x_wconf 92' lang='lat' dir='ltr'><em>in</em></span> <span class='ocrx_word' id='word_1_204' title='bbox 442 3538 534 3604; x_wconf 87' lang='lat' dir='ltr'><em>editis</em></span> <span class='ocrx_word' id='word_1_205' title='bbox 553 3537 715 3614; x_wconf 78' lang='lat' dir='ltr'><em>habentne,</em></span> <span class='ocrx_word' id='word_1_206' title='bbox 731 3536 785 3601; x_wconf 90' lang='lat' dir='ltr'><em>sed</em></span> <span class='ocrx_word' id='word_1_207' title='bbox 805 3536 846 3601; x_wconf 93' lang='lat' dir='ltr'><em>ab</em></span> <span class='ocrx_word' id='word_1_208' title='bbox 864 3535 912 3614; x_wconf 88' lang='lat' dir='ltr'><em>iis,</em></span> <span class='ocrx_word' id='word_1_209' title='bbox 928 3559 1001 3622; x_wconf 86' lang='lat' dir='ltr'><em>quae</em></span> <span class='ocrx_word' id='word_1_210' title='bbox 1020 3537 1203 3625; x_wconf 88' lang='lat' dir='ltr'><em>hujusmodi</em></span> 
     </span>
     <span class='ocr_line' id='line_1_31' title="bbox 157 3621 1203 3711; baseline 0.003 -25"><span class='ocrx_word' id='word_1_211' title='bbox 157 3624 382 3711; x_wconf 88' lang='lat' dir='ltr'><em>expositionem</em></span> <span class='ocrx_word' id='word_1_212' title='bbox 405 3624 651 3711; x_wconf 86' lang='lat' dir='ltr'><em>subsequuntur,</em></span> <span class='ocrx_word' id='word_1_213' title='bbox 673 3621 861 3708; x_wconf 91' lang='lat' dir='ltr'><em>opusculum</em></span> <span class='ocrx_word' id='word_1_214' title='bbox 884 3622 1106 3687; x_wconf 87' lang='lat' dir='ltr'><em>exordiebatur</em></span> <span class='ocrx_word' id='word_1_215' title='bbox 1130 3647 1203 3689; x_wconf 90' lang='lat' dir='ltr'><em>cum</em></span> 
     </span>
     <span class='ocr_line' id='line_1_32' title="bbox 157 3708 1204 3797; baseline 0.004 -26"><span class='ocrx_word' id='word_1_216' title='bbox 157 3708 253 3777; x_wconf 82' lang='lat' dir='ltr'><em>hocce</em></span> <span class='ocrx_word' id='word_1_217' title='bbox 271 3710 380 3775; x_wconf 91' lang='lat' dir='ltr'><em>titulo:</em></span> <span class='ocrx_word' id='word_1_218' title='bbox 397 3712 518 3797; x_wconf 82' lang='lat' dir='ltr'><em>Incipit</em></span> <span class='ocrx_word' id='word_1_219' title='bbox 540 3709 736 3774; x_wconf 78' lang='lat' dir='ltr'><em>Tertulliani</em></span> <span class='ocrx_word' id='word_1_220' title='bbox 755 3709 957 3773; x_wconf 83' lang='lat' dir='ltr'><em>diuersarum</em></span> <span class='ocrx_word' id='word_1_221' title='bbox 975 3730 1083 3773; x_wconf 77' lang='lat' dir='ltr'><em>rorant</em></span> <span class='ocrx_word' id='word_1_222' title='bbox 1101 3715 1204 3775; x_wconf 75' lang='lat' dir='ltr'><em>necea·</em></span> 
     </span>
     <span class='ocr_line' id='line_1_33' title="bbox 158 3793 1204 3884; baseline 0.002 -26"><span class='ocrx_word' id='word_1_223' title='bbox 158 3798 330 3860; x_wconf 84' lang='lat' dir='ltr'><em>sariorum.</em></span> <span class='ocrx_word' id='word_1_224' title='bbox 367 3799 455 3860; x_wconf 86' lang='lat' dir='ltr'><em>Tum</em></span> <span class='ocrx_word' id='word_1_225' title='bbox 469 3809 565 3882; x_wconf 91' lang='lat' dir='ltr'><em>caput</em></span> <span class='ocrx_word' id='word_1_226' title='bbox 580 3795 729 3882; x_wconf 90' lang='lat' dir='ltr'><em>primum,</em></span> <span class='ocrx_word' id='word_1_227' title='bbox 745 3795 836 3882; x_wconf 89' lang='lat' dir='ltr'><em>cujus</em></span> <span class='ocrx_word' id='word_1_228' title='bbox 849 3793 974 3858; x_wconf 91' lang='lat' dir='ltr'><em>initium</em></span> <span class='ocrx_word' id='word_1_229' title='bbox 988 3810 1036 3859; x_wconf 86' lang='lat' dir='ltr'><em>est</em></span> <span class='ocrx_word' id='word_1_230' title='bbox 1052 3797 1204 3884; x_wconf 83' lang='lat' dir='ltr'><em>Compen-</em></span> 
     </span>
     <span class='ocr_line' id='line_1_34' title="bbox 158 3879 1202 3968; baseline 0.001 -24"><span class='ocrx_word' id='word_1_231' title='bbox 158 3881 222 3945; x_wconf 79' lang='lat' dir='ltr'><em>diis</em></span> <span class='ocrx_word' id='word_1_232' title='bbox 248 3883 462 3968; x_wconf 77' lang='lat' dir='ltr'><em>pancnbrnn</em></span> <span class='ocrx_word' id='word_1_233' title='bbox 485 3883 650 3946; x_wconf 81' lang='lat' dir='ltr'><em>verboran</em></span> <span class='ocrx_word' id='word_1_234' title='bbox 674 3883 730 3947; x_wconf 78' lang='lat' dir='ltr'><em>&amp;a</em></span> <span class='ocrx_word' id='word_1_235' title='bbox 756 3879 801 3945; x_wconf 88' lang='lat' dir='ltr'><em>ita</em></span> <span class='ocrx_word' id='word_1_236' title='bbox 821 3879 1057 3967; x_wconf 87' lang='lat' dir='ltr'><em>praenotabatur</em></span> <span class='ocrx_word' id='word_1_237' title='bbox 1077 3883 1202 3945; x_wconf 82' lang='lat' dir='ltr'><em>Anacr-</em></span> 
     </span>
     <span class='ocr_line' id='line_1_35' title="bbox 152 3965 1202 4054; baseline 0.001 -25"><span class='ocrx_word' id='word_1_238' title='bbox 152 3967 335 4051; x_wconf 80' lang='lat' dir='ltr'><em>plolaeoais.</em></span> <span class='ocrx_word' id='word_1_239' title='bbox 367 3969 464 4032; x_wconf 78' lang='lat' dir='ltr'><em>Posse</em></span> <span class='ocrx_word' id='word_1_240' title='bbox 484 3989 542 4031; x_wconf 82' lang='lat' dir='ltr'><em>noa</em></span> <span class='ocrx_word' id='word_1_241' title='bbox 562 3968 805 4054; x_wconf 70' lang='lat' dir='ltr'><em>superadjicere,</em></span> <span class='ocrx_word' id='word_1_242' title='bbox 825 3965 936 4030; x_wconf 89' lang='lat' dir='ltr'><em>titulus</em></span> <span class='ocrx_word' id='word_1_243' title='bbox 957 3979 1024 4030; x_wconf 88' lang='lat' dir='ltr'><em>erat</em></span> <span class='ocrx_word' id='word_1_244' title='bbox 1045 3966 1202 4051; x_wconf 90' lang='lat' dir='ltr'><em>sequentis</em></span> 
     </span>
     <span class='ocr_line' id='line_1_36' title="bbox 159 4049 1203 4140; baseline 0.003 -27"><span class='ocrx_word' id='word_1_245' title='bbox 159 4050 279 4136; x_wconf 88' lang='lat' dir='ltr'><em>capitis.</em></span> <span class='ocrx_word' id='word_1_246' title='bbox 313 4053 451 4140; x_wconf 89' lang='lat' dir='ltr'><em>Reliqua</em></span> <span class='ocrx_word' id='word_1_247' title='bbox 464 4053 555 4117; x_wconf 84' lang='lat' dir='ltr'><em>etiam</em></span> <span class='ocrx_word' id='word_1_248' title='bbox 572 4053 675 4139; x_wconf 87' lang='lat' dir='ltr'><em>capita</em></span> <span class='ocrx_word' id='word_1_249' title='bbox 688 4075 760 4116; x_wconf 89' lang='lat' dir='ltr'><em>suos</em></span> <span class='ocrx_word' id='word_1_250' title='bbox 773 4049 882 4116; x_wconf 85' lang='lat' dir='ltr'><em>titulos</em></span> <span class='ocrx_word' id='word_1_251' title='bbox 895 4050 1114 4136; x_wconf 70' lang='lat' dir='ltr'><em>preferebant,</em></span> <span class='ocrx_word' id='word_1_252' title='bbox 1122 4074 1203 4138; x_wconf 91' lang='lat' dir='ltr'><em>quos</em></span> 
     </span>
     <span class='ocr_line' id='line_1_37' title="bbox 158 4135 1203 4204; baseline 0.004 -6"><span class='ocrx_word' id='word_1_253' title='bbox 158 4135 267 4199; x_wconf 92' lang='lat' dir='ltr'><em>itidem</em></span> <span class='ocrx_word' id='word_1_254' title='bbox 282 4136 314 4201; x_wconf 91' lang='lat' dir='ltr'><em>in</em></span> <span class='ocrx_word' id='word_1_255' title='bbox 329 4137 388 4204; x_wconf 84' lang='lat' dir='ltr'><em>hac</em></span> <span class='ocrx_word' id='word_1_256' title='bbox 401 4152 508 4203; x_wconf 87' lang='lat' dir='ltr'><em>nostra</em></span> <span class='ocrx_word' id='word_1_257' title='bbox 522 4137 657 4203; x_wconf 91' lang='lat' dir='ltr'><em>editione</em></span> <span class='ocrx_word' id='word_1_258' title='bbox 671 4136 849 4202; x_wconf 89' lang='lat' dir='ltr'><em>retinendos</em></span> <span class='ocrx_word' id='word_1_259' title='bbox 864 4135 1051 4202; x_wconf 83' lang='lat' dir='ltr'><em>censuimus.</em></span> <span class='ocrx_word' id='word_1_260' title='bbox 1074 4138 1203 4204; x_wconf 75' lang='lat' dir='ltr'><em>Muna-</em></span> 
     </span>
     <span class='ocr_line' id='line_1_38' title="bbox 159 4241 290 4286; baseline -0.008 0"><span class='ocrx_word' id='word_1_261' title='bbox 159 4241 290 4286; x_wconf 79' lang='lat' dir='ltr'><em>ramus</em></span> 
     </span>
    </p>
   </div>
   <div class='ocr_carea' id='block_1_7' title="bbox 0 0 1344 4830">
    <p class='ocr_par' dir='ltr' id='par_1_7' title="bbox 0 0 1344 4830">
     <span class='ocr_line' id='line_1_39' title="bbox 0 0 1344 4830; baseline 0 0"><span class='ocrx_word' id='word_1_262' title='bbox 0 0 1344 4830; x_wconf 95' lang='lat' dir='ltr'><em> </em></span> 
     </span>
    </p>
   </div>
  </div>
 </body>
</html>
