2678 4830
332 350 575 414 ADVERSUS
599 350 760 414 OMNES
785 349 1027 414 HAERESES.
1141 349 1201 411 211

203 524 240 584 P.
260 527 330 585 160.
355 521 374 585 l.
395 543 444 585 11.
467 522 621 607 gravitate
644 521 780 585 materiae
802 522 958 610 permixta
979 521 1052 610 sibi]
1078 523 1202 611 Legen-

158 607 235 671 dum
251 605 377 671 videtur
390 609 555 689 pumiutae.

203 692 288 756 lbid.
312 692 333 755 1.
352 713 400 760 12.
425 693 457 756 in
473 693 637 756 medietate
652 691 792 756 relictum
809 692 984 757 extendisse
1002 707 1115 771 totum,
1130 695 1204 760 effe-

158 778 299 842 cisse'sic
321 779 451 928 coelum?
466 779 517 844 Sic
538 779 653 843 editur.
692 778 754 842 Sed
776 779 907 865 conjecit
929 779 1129 843 scribendum
1151 804 1203 844 eu-

161 865 289 928 teudisse
311 888 343 928 se
363 868 434 929 Sem
448 888 520 929 erus
540 882 572 929 et
591 878 664 927 ante
682 887 754 928 eum
777 866 913 928 Latinus
932 865 1088 945 Latinius,
1104 867 1206 952 quiet

159 966 241 1014 recte
260 951 380 1015 censuit
399 952 580 1038 ponendum
601 973 666 1013 esse
688 961 717 1014 et
731 949 845 1033 secisse
866 974 925 1038 pro
946 949 1090 1037 stetisse.
1128 955 1209 1017 For-

159 1051 239 1100 tasse
253 1037 351 1122 igitur
365 1037 409 1100 ita
423 1037 574 1124 legendus
588 1051 636 1100 est
650 1036 747 1117 locus,
761 1038 793 1100 iu
807 1039 969 1101 medietate
983 1061 1058 1101 vero
1071 1039 1207 1102 relictum

160 1124 329 1186 extendisse
344 1147 376 1186 se
391 1133 495 1201 totum,
512 1137 543 1187 et
558 1123 665 1186 fecisse
679 1124 723 1185 sic
737 1123 852 1186 coeluru.

204 1208 290 1273 Ibid.
306 1208 327 1272 l.
343 1226 392 1290 17.
416 1233 510 1294 quem
526 1207 703 1308 occlusisse]
718 1209 904 1294 Conjecerat
918 1209 1098 1295 legendum,
1111 1223 1207 1297 atque

160 1295 319 1358 occlusisse
333 1297 356 1357 J
358 1294 463 1357 nnius.
509 1294 621 1358 Malim
636 1315 718 1377 quers
732 1294 781 1358 vel
796 1296 901 1379 quibus
916 1318 1076 1382 reponere.

204 1379 289 1444 Ibid.
311 1379 331 1442 l.
349 1380 398 1446 28.
423 1394 454 1444 et
476 1379 709 1444 similitudinem
732 1381 897 1469 serpentis]
922 1383 998 1446 For.
1025 1381 1206 1468 legendum,

159 1466 199 1529 ad
214 1467 438 1529 similitudinem
452 1467 607 1548 serpentis.
895 1495 899 1503 ·

204 1553 243 1614 Ρ.
263 1555 334 1616 161.
357 1551 377 1616 l.
396 1571 447 1618 20.
471 1575 526 1639 per
546 1551 718 1639 passionem
735 1551 866 1636 Christi]
883 1554 956 1616 Hoc
971 1566 1028 1631 est,
1044 1553 1069 1616 si
1083 1568 1207 1641 patere·
1257 1546 1263 1558 ’

161 1650 214 1700 tur
228 1637 384 1702 Christus

205 1723 289 1787 Ibid.
306 1723 327 1788 l.
345 1725 394 1788 28.
419 1723 496 1786 dum
519 1721 605 1787 Abel
626 1722 826 1786 interfectum
847 1722 988 1787 dicerent
1023 1726 1119 1788 Anne
1141 1745 1208 1788 carm

161 1823 192 1873 et
206 1810 331 1872 disceret
345 1810 546 1896 reponenda?
577 1808 677 1896 Apud
690 1808 906 1894 Epiphanium
921 1809 953 1872 in
1003 1832 1088 1890 ares.
1096 1810 1208 1876 xxxix.

162 1893 383 1971 Setbiuuorurn,
396 1895 506 1960 dehac
520 1908 619 1959 matre
634 1895 693 1958 hoc
708 1895 845 1982 positum
859 1909 917 1972 est,
929 1901 1044 1978 γνοῦσα
1059 1897 1104 1960 ὅτι
1119 1895 1179 1961 eut
1195 1939 1209 1950 -

161 2007 264 2044 τανται
277 1979 389 2061 'Auca
406 1985 604 2062 ἐνθυμηθεῖσα
622 1983 745 2061 ἐποίησε
759 1986 938 2063 γεννηθῆναι
952 1981 1005 2046 τὸν
1021 1986 1094 2060 Σῆθ,
1112 1983 1159 2046 καὶ
1174 1984 1209 2046 ἐν

161 2065 254 2152 τούτῳ
271 2067 356 2146 ἔθηκε
370 2067 424 2146 τὴν
439 2069 526 2147 αὐτῆς
541 2070 673 2147 δύναμιν.
698 2090 724 2130 c.
737 2067 771 2129 ii.
787 2089 820 2153 p.
836 2067 906 2147 284.
922 2067 999 2131 edit.
1016 2068 1124 2130 Petav.

206 2154 245 2215 P.
261 2154 331 2218 162.
348 2152 369 2215 l.
383 2154 411 2216 8.
435 2153 527 2216 etiam
547 2176 649 2216 semen
667 2153 785 2241 Cham]
804 2152 855 2216 Sic
877 2175 949 2217 cum
970 2151 1044 2216 edit.
1068 2153 1208 2240 principe

162 2237 330 2323 Rigaltius.
365 2242 477 2323 Atque
490 2239 559 2302 haec
574 2239 693 2302 notavit
706 2238 746 2301 ad
761 2237 835 2301 edit.
853 2238 1023 2302 Halensem
1041 2239 1206 2302 Semlerus.

163 2333 185 2363 “
203 2325 290 2402 Cain,
306 2327 400 2388 Fran.
419 2324 517 2388 Paria.
535 2338 571 2388 ut
580 2325 646 2409 jam
662 2323 845 2410 conjiciebat
861 2323 1042 2388 Rhenanus.
1092 2326 1140 2388 At
1156 2325 1209 2387 Ri-

163 2418 185 2448 “
199 2409 276 2494 galt.
294 2424 325 2472 et
344 2411 465 2473 Veneta
481 2411 614 2497 (nupera
630 2409 741 2492 editio)
758 2409 891 2472 retinent
911 2410 1018 2486 Citam,
1034 2433 1129 2495 quam
1149 2410 1208 2474 lec-

162 2494 315 2557 “tionem
337 2495 430 2557 etiam
445 2498 468 2558 J
472 2495 564 2558 unius
582 2519 619 2558 ex
642 2493 823 2581 Epiphanio
843 2495 1055 2582 comprobat.''
1086 2496 1210 2560 Εἰσέδν-

162 2607 222 2644 σαν
240 2580 366 2666 (angeli)
384 2580 437 2644 τὸν
451 2585 522 2660 xta
537 2583 578 2647 εἰς
592 2581 646 2660 τὴν
662 2584 789 2661 κίβωτον
804 2582 877 2643 ὄντα
891 2586 944 2644 τοῦ
963 2582 1059 2644 αὐτῶν
1074 2581 1207 2663 σπέρμα-

161 2692 220 2740 τος,
243 2666 324 2730 inter
350 2666 523 2752 Epiphanii
548 2666 644 2729 verba
669 2682 742 2730 sunt
768 2665 801 2729 in
822 2664 944 2729 Haeresi
959 2666 1069 2730 xxxix.
1092 2691 1161 2754 cap.
1200 2717 1206 2730 .

163 2752 292 2815 Habent
309 2753 406 2815 Cheru
429 2751 575 2816 Rhenaui
595 2752 666 2816 edd.
682 2772 714 2838 3.
731 2767 762 2816 et
776 2772 807 2833 4.
831 2753 931 2816 Choiu
948 2767 980 2817 et
1001 2754 1098 2816 Citam
1117 2688 1208 2819 valde

161 2838 272 2901 similia
289 2852 370 2902 sunt.

206 2924 290 2988 Ibid.
307 2923 328 2986 l.
346 2943 364 2991 2
365 2940 398 3010 5.
421 2947 458 2987 eo
473 2925 558 3010 quod
572 2938 604 2989 et
618 2923 736 2988 firmior
750 2939 781 2989 et
798 2925 954 2989 robustior
968 2949 1007 2988 ex
1022 2925 1141 2990 caeteris
1155 2926 1207 2990 lu·

161 3010 230 3085 erit,
246 3024 277 3074 et
297 3033 362 3096 quo
381 3010 539 3095 colligeret
560 3024 679 3074 tentata
698 3011 870 3075 animarum
892 3011 958 3075 sola
977 3012 1087 3088 salute,
1107 3011 1209 3076 nullas

161 3096 299 3183 corporis
320 3095 574 3184 resurrectiones]
591 3096 642 3162 Sic
657 3097 730 3160 edit.
746 3097 901 3183 princeps.
946 3098 1009 3162 Sed
1024 3097 1120 3184 vulgo
1135 3121 1209 3162 cum

162 3183 249 3246 abest
265 3205 305 3245 ex
321 3195 394 3246 ante
414 3183 538 3258 crateris,
555 3198 623 3247 tum
643 3206 680 3246 er
701 3205 759 3269 pro
778 3192 807 3245 et
826 3198 898 3247 ante
917 3205 975 3267 quo
994 3182 1131 3269 positum
1149 3197 1207 3247 est.

163 3268 351 3354 Legendum
373 3281 452 3354 puto
474 3270 620 3332 robustior
642 3290 679 3332 ea
702 3269 818 3331 crateris
835 3267 956 3348 suerit,·
983 3290 1077 3354 porro
1102 3268 1208 3332 addu-

161 3378 215 3418 cor
237 3370 271 3418 ut
295 3354 436 3429 sentiam,
453 3354 492 3417 de
511 3353 615 3417 anima
633 3352 751 3416 Christi
769 3351 1007 3440 intelligendum
1027 3377 1103 3433 esse,
1122 3353 1210 3418 nulla

161 3441 244 3504 facta
262 3440 445 3519 mutatione,
459 3440 544 3525 quod
568 3439 618 3503 bic
636 3439 787 3524 sequitur,
802 3440 904 3526 posito
921 3441 1075 3525 colligeret
1094 3463 1152 3527 pro
1171 3464 1209 3505 eo

162 3527 248 3613 quod
265 3541 311 3590 est
326 3536 485 3604 statueret,
501 3527 629 3589 doceret.
674 3523 733 3588 Ait
753 3539 858 3589 autem
881 3525 1048 3604 semlerus,
1063 3534 1086 3565 “
1098 3549 1137 3590 ex
1151 3549 1210 3611 quo

162 3613 344 3699 “colligere
364 3627 410 3676 est
429 3626 549 3675 retenta
569 3612 741 3675 ouirnaruru
760 3612 828 3675 solo
849 3613 948 3675 solute
963 3615 1018 3678 bc.
1039 3612 1209 3698 legendum

163 3707 303 3763 “censet
325 3700 348 3761 J
352 3697 461 3770 unius;
485 3707 603 3760 retentu
624 3697 691 3782 jam
713 3711 895 3783 reposuerat
917 3699 1092 3763 Latinius.''
1129 3699 1211 3764 Scri-

161 3783 300 3848 bendum
318 3782 449 3870 conjecit
465 3796 629 3846 annotator
646 3782 686 3846 ad
704 3783 781 3847 edit.
798 3785 974 3848 Romanam
989 3785 1085 3872 hujus
1099 3799 1210 3850 tracta-

163 3884 225 3944 tus,
243 3871 403 3933 constituto
418 3879 547 3948 tautum,
561 3868 611 3932 vel
625 3869 760 3932 admissa
774 3871 867 3934 euim.

206 3955 291 4019 Ibid.
308 3954 328 4017 1.
344 3974 399 4040 32.
423 3977 486 4018 non
502 3953 686 4035 Dominum,
701 3955 754 4021 sed
769 3955 916 4042 angelum
932 3956 1092 4044 promens]
1106 3957 1210 4021 Deum

162 4063 312 4126 reponere
333 4040 438 4104 velim.
484 4043 630 4105 Fortasse
652 4064 748 4127 supra
771 4041 939 4128 legendum
963 4055 1009 4105 est
1031 4044 1069 4104 ab
1091 4043 1210 4126 angelis

163 4150 221 4214 pro
236 4129 274 4189 ub
288 4128 359 4205 illis,
374 4126 432 4191 nisi
448 4127 701 4191 subaudiendum
716 4128 776 4191 hoc
791 4127 921 4191 verbum
937 4142 993 4190 est.

207 4214 245 4274 P.
261 4215 333 4297 163.
347 4212 369 4274 l.
381 4232 414 4293 4.
437 4211 537 4299 legem
554 4237 618 4277 esse
633 4213 793 4300 proponit]
813 4213 863 4277 Sic
877 4213 964 4276 editt.
982 4212 1139 4290 Rhenum,
1155 4212 1208 4276 sed

162 4313 295 4384 posterae
311 4298 428 4362 habent
447 4301 541 4363 etiarn
562 4323 620 4387 pro
639 4320 712 4363 esse.
759 4297 917 4385 Legerim,
934 4299 1031 4383 legera
1045 4299 1211 4363 observan-

679 4407 697 4448 P
714 4403 732 4451 2
