2678 4830
285 311 531 375 ΑΝΝΟΤΑΤ.
549 310 655 372 ADV.
673 309 836 373 OMNES
861 307 1101 372 HAERESES.
1154 308 1218 374 209

173 482 260 568 quod
274 481 349 547 edit.
365 481 465 545 Paris.
483 483 642 545 abmante
661 479 767 558 habet,
784 479 942 565 Rigaltius
961 493 1067 543 autem
1082 499 1142 562 qna
1160 501 1218 566 pro

173 570 233 653 qni.
273 567 501 656 Reponendum
524 567 601 632 mihi
622 565 752 653 quidem
773 565 909 644 videtur,
932 587 970 630 ac
991 568 1125 629 daemotte
1145 587 1165 628 a
1185 585 1219 628 se

173 655 348 733 aberrante,
364 655 415 738 qni
429 664 506 718 esset
520 653 680 736 sapientia,
697 653 884 716 descendisse
903 675 935 716 se
955 650 996 716 ad
1016 653 1218 735 qnaerettdurn.

175 741 394 805 Conferendus
419 739 501 803 enim
532 741 675 803 Irenaeus
698 737 730 802 in
757 737 812 801 lib.
835 737 938 825 primo
961 738 1055 803 Ades.
1080 738 1221 802 Haereses

174 849 265 913 capp.
279 846 330 912 23.
346 840 378 890 et
394 845 443 907 24.
460 826 500 889 de
516 825 652 903 Simone,
668 838 700 889 et
719 823 864 888 exiliente
878 847 918 889 ex
933 848 971 887 eo
990 823 1092 911 prima
1109 823 1221 888 mentis

174 913 242 1000 ejus
257 912 470 1000 conceptione.
514 913 537 975 J
540 911 633 975 unius
647 933 721 975 vero
738 911 770 974 in
793 910 874 974 notis
894 909 971 975 calci
990 909 1065 974 edit.
1081 908 1220 975 Franek.

174 998 303 1085 adjectis
328 998 498 1084 legendum
520 997 663 1085 conjecit,
689 999 732 1060 ad
754 998 919 1060 &mem
939 1018 1039 1060 secum
1060 1006 1220 1075 amantem,

174 1086 226 1168 qni
240 1095 316 1149 esset
330 1085 479 1167 snpientia
494 1084 682 1147 descendisse
695 1104 728 1146 se
741 1085 942 1167 qnaerendnrn.
975 1084 1100 1147 Locum
1114 1096 1221 1147 autem

174 1170 217 1234 sic
239 1170 426 1235 constituere
451 1168 522 1232 vult
546 1168 712 1254 Rigaltius.
741 1170 793 1232 Ad
814 1189 884 1232 ones
908 1170 1082 1232 abarantes
1105 1189 1148 1248 se,
1169 1170 1237 1253 qni

174 1267 250 1320 esset
264 1257 427 1339 snpientia,
444 1256 633 1319 descendisse
646 1256 848 1338 qnoerendnrn.
893 1255 1041 1340 Denique
1065 1255 1222 1320 Semlerus

173 1343 228 1422 ait,
243 1366 275 1406 se
297 1365 337 1406 ex
361 1344 484 1405 Irenaeo
504 1339 558 1404 lib.
578 1341 647 1404 III.
669 1362 782 1404 ausum
802 1340 946 1419 scribere,
962 1343 1014 1403 Ad
1034 1362 1170 1404 ennoeant
1190 1362 1223 1404 se

174 1431 372 1506 oberantem,
400 1449 468 1511 qna
501 1437 580 1489 esset
613 1427 773 1508 sapientia,
804 1427 991 1490 descendisse
1019 1429 1221 1510 qnaermdnrn.

175 1514 270 1591 Quod
290 1513 330 1577 ad
351 1535 441 1576 voces
457 1511 569 1576 attinet
584 1513 675 1594 Apnd
694 1512 820 1576 Jndaeos
838 1514 892 1577 dcc.
914 1536 977 1591 eas,
997 1528 1093 1599 prout
1114 1527 1223 1598 postea

176 1599 270 1662 verba
291 1597 433 1662 distinxit
455 1598 488 1660 in
509 1597 778 1662 Annotationibus
799 1597 863 1662 suis
886 1598 1052 1684 Rigaltius,
1073 1597 1223 1686 conjunxi

175 1707 247 1748 cum
270 1683 483 1772 sequentibus.
520 1683 601 1748 Vide
620 1683 714 1761 enim,
730 1707 803 1769 quae
820 1682 861 1747 de
880 1684 1016 1749 Basilide
1030 1685 1127 1772 paulo
1141 1685 1224 1750 iufra

174 1784 206 1834 et
220 1770 261 1833 de
276 1773 467 1857 Carpocrate
481 1792 550 1868 cap.
564 1789 594 1836 2.
610 1768 716 1833 scribit
729 1783 848 1834 auctor.

218 1856 258 1919 P.
274 1871 344 1941 157.
359 1855 381 1919 l.
396 1874 446 1936 24.
469 1879 502 1920 se
523 1877 556 1918 m
578 1855 794 1942 phantasmate
817 1855 880 1918 Dei
901 1879 964 1920 non
983 1857 1124 1943 passum]
1144 1858 1222 1922 For-

175 1953 255 2005 tasse
266 1943 369 2005 Dennt
379 1940 606 2028 reponendum,
616 1964 688 2005 cum
699 1941 759 2004 hoc
769 1941 1059 2028 interpretamentm
1078 1943 1224 2008 Semodo

174 2026 370 2114 imaginario,
387 2027 437 2091 vel
451 2026 607 2115 putativo,
623 2041 660 2092 ut
675 2027 816 2112 loquitur
831 2028 1059 2108 Tertullianus,
1075 2051 1136 2092 non
1147 2051 1221 2112 pas-

174 2134 251 2192 snm,
265 2115 319 2176 sed
333 2135 396 2177 esse
411 2115 498 2198 qnasi
510 2134 647 2196 passum,
664 2114 754 2177 Deus
768 2135 839 2177 cum
855 2114 961 2180 fuerit.

220 2202 259 2264 P.
276 2201 348 2284 158.
372 2199 394 2263 l.
409 2217 441 2284 5.
464 2198 592 2285 angelos
610 2199 771 2262 inferiores
792 2200 947 2264 mundum
967 2201 1088 2285 fecisse]
1113 2200 1225 2265 Posuit

176 2285 209 2348 in
224 2285 297 2349 edit.
314 2308 371 2348 sua
384 2308 443 2372 pro
457 2285 555 2349 veteri
573 2285 727 2372 scriptura
740 2283 911 2367 inferiorern
927 2286 1094 2373 Rigaltius.
1139 2289 1224 2351 Cum

178 2394 253 2435 vero
275 2387 383 2459 postea
404 2371 436 2434 in
459 2394 527 2458 cap.
543 2391 577 2456 3.
601 2372 727 2456 angelos
747 2371 908 2435 inferiores
930 2375 1078 2437 hominem
1090 2373 1224 2452 finxisse

177 2457 291 2521 referat
313 2457 364 2522 hic
386 2470 505 2534 auctor,
525 2456 687 2521 lectionem
708 2456 837 2520 alteram
857 2458 1008 2522 revocavi.
1048 2459 1160 2522 Habes
1179 2458 1225 2522 in-

177 2544 236 2621 fra,
258 2544 291 2606 in
315 2543 429 2606 ultimis
453 2545 572 2628 qnidesn
595 2543 723 2628 angelis,
747 2553 777 2606 et
801 2544 853 2627 qni
878 2545 956 2609 lintre
972 2543 1114 2626 fecerant
1139 2566 1225 2608 mnn-

178 2631 273 2707 anm
289 2643 385 2715 atque
398 2628 488 2694 initio
502 2652 568 2716 cap.
580 2650 613 2710 4.
629 2629 753 2714 angelis
767 2639 857 2713 utque
870 2631 1006 2707 virtutes,
1021 2652 1096 2714 qnos
1110 2632 1225 2694 datan

180 2726 224 2778 tes
247 2716 335 2800 longe
354 2739 373 2777 a
394 2714 606 2802 superioribus
630 2714 798 2779 virtutibus
819 2718 964 2779 mnndum
984 2718 1075 2780 istum
1096 2717 1129 2780 in
1149 2714 1224 2797 inse-

177 2801 303 2864 riotibns
316 2803 453 2882 partibas
468 2802 635 2864 condidisse
649 2801 733 2864 dicit.
765 2803 917 2866 Attamen
932 2802 964 2865 in
980 2825 1047 2887 cap.
1062 2822 1093 2885 7.
1107 2801 1225 2866 mentio
1316 2856 1318 2858 .

178 2887 262 2950 facta
284 2899 331 2950 est
353 2887 464 2950 mundi
488 2887 656 2974 superioris
677 2900 773 2973 atque
798 2887 959 2952 inferioris.
1005 2888 1107 2952 Paulo
1129 2911 1225 2976 supra

179 2971 296 3036 lunius
310 2972 441 3058 conjecit
455 2972 698 3051 emendandum,
713 2976 744 3036 in
759 2975 883 3037 sanantis
896 2975 956 3038 illis
970 2985 1000 3038 et
1013 2976 1142 3061 infinitis
1152 2997 1225 3058 par-

181 3059 269 3135 tibus,
286 3058 341 3122 sed
354 3059 485 3122 fortasse
499 3058 576 3122 nihil
590 3058 777 3123 mutandum
794 3073 851 3125 est.

223 3143 348 3207 1bid,l.
366 3161 396 3228 7.
419 3144 459 3207 ad
483 3145 716 3210 similitudinem
738 3145 821 3209 illius
838 3145 977 3230 luminis]
996 3147 1073 3211 Post
1087 3147 1226 3210 similitu-

180 3231 279 3292 dinem
293 3230 479 3316 interposuit
493 3231 550 3295 has
561 3255 651 3296 voces
667 3231 833 3316 Rigaltius‚
846 3231 931 3296 illum
943 3233 1124 3314 superiorem
1135 3254 1225 3314 prop-

181 3326 236 3392 ter,
251 3339 330 3402 quas
343 3316 483 3402 quidem,
499 3332 535 3382 ut
555 3341 593 3382 ex
615 3317 816 3404 sequentibus
836 3340 999 3404 perperam
1019 3317 1082 3381 huc
1098 3316 1226 3382 transla-

179 3416 236 3481 tas,
252 3402 479 3488 expungendas
496 3404 587 3488 jussi.
633 3403 743 3467 Statim
765 3416 837 3489 post
856 3426 918 3466 vox
939 3404 1064 3488 attgelos
1082 3403 1162 3467 male
1179 3426 1227 3467 re-

179 3487 276 3574 petita
296 3487 391 3552 fuisse
412 3489 547 3566 videtur,
566 3504 661 3576 prout
685 3487 855 3552 Rhenanus
872 3489 939 3576 jam
961 3490 1175 3567 adnotaverat,
1194 3505 1226 3555 et

179 3588 250 3661 post
278 3597 350 3637 eum
378 3575 580 3639 Wouwerius
604 3575 635 3639 in
662 3576 932 3639 Emendationibns
956 3577 1091 3659 Epidici
1147 3575 1227 3640 Fine

180 3659 322 3746 opusculi
342 3660 441 3725 simile
457 3660 535 3747 quid
558 3661 632 3726 hnic
655 3660 802 3725 clausulae
820 3661 926 3741 habea,
947 3684 1039 3746 qnam
1059 3663 1228 3726 Victorinus

180 3746 379 3811 corroborare
393 3747 525 3811 curavit.

225 3831 423 3898 Ibid.l.10.
446 3833 537 3919 cujus
559 3832 665 3896 lumen
688 3833 778 3912 illud,
802 3848 833 3896 et
855 3834 1003 3897 virtutem
1028 3832 1112 3897 illam
1137 3856 1228 3920 supe-

181 3915 292 3981 riorem
315 3941 374 4005 pro
397 3935 445 3984 ter
466 3918 718 3997 misericordiam,
742 3919 904 3983 scintillam
930 3919 1047 3983 salvam
1070 3919 1152 4001 esse]
1177 3919 1254 3988 Sic.

182 4001 269 4066 editt.
284 4019 357 4069 ante
372 3944 557 4093 Rigaltium,
572 4004 628 4092 qui
643 4028 733 4069 voces
747 4007 832 4069 illurn
846 4007 1025 4089 superiorem
1040 4016 1164 4087 propter
1178 4005 1229 4070 hic

182 4087 295 4152 omisit.
327 4092 388 4155 Sed
403 4091 505 4156 locum
522 4114 667 4156 mancum
682 4107 713 4156 et
728 4115 819 4155 corru
844 4104 912 4155 tum
928 4093 952 4155 J
955 4091 1047 4154 unius
1061 4091 1119 4154 hoc
1135 4091 1230 4155 modo

182 4174 351 4261 supplevit,
376 4192 471 4263 atque
494 4177 680 4241 emendavit.
727 4178 789 4242 Cui
817 4115 917 4241 iumen
938 4178 1015 4241 illnd
1036 4187 1064 4239 et
1091 4178 1230 4240 virtutem

182 4259 267 4322 illurn
281 4263 462 4342 superiorem
472 4273 595 4346 propter
609 4264 844 4328 misericordiam
858 4263 931 4327 vitae
946 4262 1108 4329 scintillam
1124 4261 1227 4326 immi·

700 4371 717 4411 1³
