2678 4830
241 586 564 672 VETERUM
602 586 1018 672 TESTIMONIA

607 824 646 862 DE

329 984 568 1091 EPIsTOLA
592 989 623 1052 S.
641 985 928 1053 POLYCARPI.

486 1205 769 1256 ...φ-...-

304 1393 336 1454 S.
352 1391 481 1454 Irenoeus
494 1397 558 1454 αθν.
572 1395 708 1462 Herem,
724 1396 776 1454 lib.
786 1395 841 1454 ΙΙΙ.
854 1415 918 1473 cap.
926 1413 955 1471 3.

37 1569 41 1575 ’
80 1498 223 1610 §Em
247 1545 280 1608 δὲ
302 1543 350 1608 καὶ
372 1545 516 1624 ἐπιστολὴ
538 1544 738 1647 Πολυκάρπου
761 1544 836 1628 πρὸς
860 1546 1078 1624 Φιλιππησίους
1101 1571 1151 1628 7⁶·

107 1648 273 1732 ΥΡᾱμμὲνηι
298 1647 471 1731 ἷκανωτᾶῒη,
496 1650 528 1728 ἐξ
553 1645 588 1727 ἧς
614 1649 661 1712 καὶ
683 1647 735 1712 τὸν
758 1653 929 1733 χαρακτῆρα
951 1653 1002 1729 τῆς
1026 1652 1154 1718 πίστεως

108 1753 205 1825 αὐτοῦ,
223 1751 272 1815 καὶ
293 1751 327 1814 τὸ
350 1750 482 1834 κήρυγμα
500 1755 551 1830 τῆς
570 1752 720 1830 ἆληθείας,
740 1753 769 1814 οἱ
788 1753 980 1831 βουλόμενοι,
998 1753 1045 1816 καὶ
1059 1761 1152 1834 φρον-
1279 1758 1283 1767 ’

107 1858 235 1931 σίζοντες
258 1858 310 1934 τῆς
334 1857 441 1919 ἑαυτοῦ
462 1856 615 1936 σωτηρίας,
643 1856 782 1919 δύνανται
803 1860 918 1934 μαθεῖν.
956 1857 1028 1915 Haec
1051 1858 1155 1915 Irenaei

109 1961 213 2018 Graeca
225 1961 326 2039 lingue
339 1961 467 2019 servavit
480 1960 634 2026 Eusebius,
648 1960 700 2018 lib.
711 1960 764 2018 IV.
776 1960 855 2019 Hist.
867 1961 948 2018 Eccl.
965 1979 1029 2034 cap.
1046 1977 1091 2032 14.
1104 1960 1155 2035 qui

61 2077 99 2116 10
108 2063 169 2139 ipse
184 2063 276 2131 addit,
290 2054 330 2122 Ὀ
343 2055 446 2136 μέντοι
460 2058 658 2138 Πολύκαρπος
675 2057 708 2120 ἐν
726 2060 761 2137 τῆ
781 2058 944 2136 δηληθείσῃ
957 2054 1031 2137 πρὸς
1045 2058 1152 2117 Φιλιπ-

107 2161 232 2239 πησίοτις
246 2160 335 2224 αὐτοῦ
348 2163 463 2242 γραφῇ,
478 2158 628 2241 φερομίνη
645 2162 686 2226 εἰς
700 2165 796 2241 δεῦρο,
814 2158 958 2243 κέχρηταί
969 2184 1031 2223 τισι
1045 2184 1153 2239 μαρτν-

106 2265 184 2344 ρίαις
198 2262 257 2327 ἀπὸ
271 2267 322 2343 τῆς
334 2261 454 2344 Πίτρον
467 2261 610 2345 προτέρσς
625 2264 794 2342 ἐπιπολῆς.

450 2416 533 2474 Vetus
545 2416 646 2474 Irenoei
658 2416 810 2492 Interpres.

151 2523 204 2581 Est
220 2533 319 2581 sutem
333 2534 364 2581 et
379 2523 512 2600 Epistola
525 2524 610 2600 Poly·
652 2522 734 2579 bium
755 2533 870 2581 vertere
890 2521 985 2598 pergit
1005 2531 1089 2578 vetus
1110 2521 1154 2578 in-

58 2605 192 2680 15earpi
211 2605 250 2662 sd
273 2604 472 2682 Philippenses
494 2604 610 2679 scripta,
652 2615 764 2679 tei-pres
791 2604 914 2660 Rufinus
925 2604 946 2675 ι)
979 2603 1156 2678 Polycarpus

107 2685 341 2762 perfectissime:
363 2705 399 2745 ex
415 2706 473 2762 qua
492 2697 523 2744 et
543 2686 611 2743 eha-
652 2703 723 2742 vero
735 2685 768 2742 in
780 2685 844 2760 ipse
859 2683 1002 2760 Epistola,
1018 2702 1105 2759 quam
1119 2683 1157 2742 sd

107 2779 256 2826 meterem
275 2767 344 2826 fidei
364 2771 437 2846 ejus,
459 2778 490 2826 et
509 2766 613 2844 praedi·
654 2766 854 2843 Philippenses
876 2765 1040 2842 scripserat,
1064 2765 1159 2824 utitur

108 2849 259 2908 ostionem
277 2849 417 2915 veritatis,
434 2849 484 2924 qui
499 2850 613 2916 volunt,
655 2847 830 2906 testimoniis
850 2848 888 2907 de
908 2848 1004 2924 prime
1021 2847 1100 2905 Petri
1118 2847 1156 2904 E-

109 2943 143 2990 et
164 2950 263 2989 curem
287 2930 399 2988 hubent
419 2950 478 2988 suae
502 2929 613 2995 salutis,
655 2928 770 3004 pistule.

53 3023 234 3089 20p0ssunt
250 3011 373 3071 discere.
415 3011 504 3086 (Dein
523 3012 614 3069 Euse-

144 3191 227 3251 Idem
242 3192 370 3250 Irenaeus
384 3191 515 3268 Epistola
527 3191 566 3248 sd
578 3190 738 3257 I‘lorinum,
753 3190 831 3268 apud
845 3189 1004 3248 Eusebium
1017 3188 1069 3246 lib.
1084 3189 1123 3246 V.

475 3289 554 3348 Hist.
568 3289 649 3346 Eccl.
666 3308 731 3366 cap.
746 3307 793 3347 20.

156 3396 216 3460 Καὶ
236 3397 269 3459 ἐκ
289 3401 347 3460 τῶν
367 3397 535 3459 ἐπιστολῶν
552 3420 586 3459 τε
606 3395 696 3458 αὐτοῦ
711 3399 888 3477 (Polycarpi)
910 3393 952 3456 ὧν
973 3390 1158 3466 ἐπέστειλεν,

109 3499 177 3581 ἤτοι
187 3503 252 3567 ταῖς
261 3499 447 3582 γειτνιώσαις
457 3499 636 3579 ἐκκλησίαις,
651 3499 843 3577 ἐπιστηρίζων
857 3492 986 3574 αὐτὸςῆ
1001 3500 1060 3558 τῶν
1071 3496 1159 3558 ἁδελ-

60 3631 78 3669 2
81 3626 99 3689 5
111 3607 180 3686 φῶν
195 3627 266 3676 τισι,
279 3607 426 3666 νουθετῶν
442 3601 546 3669 αὐτοὺς
561 3601 609 3665 καὶ
623 3597 869 3682 προτρεπόμενος,
886 3600 1007 3663 δύναται
1024 3606 1159 3680 φανερω·

112 3709 201 3786 θῆναι
216 3711 380 3788 (Polycsrpi
394 3711 565 3784 sententia).

392 3853 507 3911 Eusebia·
519 3861 595 3911 vetus
608 3853 743 3928 interpres
756 3851 880 3927 Rufinus.

148 3958 209 4018 Sed
220 3958 448 4036 etepristolis
459 3963 531 4037 ejus,
544 3977 616 4035 quus
657 3977 718 4024 eos,
747 3968 778 4016 et
805 3956 960 4016 cohortans
992 3956 1030 4013 ud
1060 3956 1160 4022 fidem,

113 4041 240 4136 seripsit,
262 4039 312 4097 vel
332 4040 370 4099 sd
390 4041 501 4099 vicinus
522 4040 616 4134 eccle·
657 4050 755 4116 potest
769 4037 919 4133 sententis
934 4041 997 4116 eJus
1010 4036 1163 4096 evidenter·

63 4133 183 4268 30:²13:
196 4121 620 4262 gusssissnssileiscgEfissffis
659 4139 787 4200 [ignom.

665 4317 716 4355 ον
