2678 4830
121 312 164 373 80
456 304 836 370 ANNOTATIONES

124 493 203 542 turae
222 476 262 540 de
283 474 410 541 Christo
431 475 522 540 dictis
537 475 633 540 veluti
655 474 831 538 membrum
852 473 1015 558 respicere,
1031 473 1170 540 divinum

122 562 238 628 scilicet
257 575 413 639 naturam,
428 561 474 625 ita
493 575 529 624 ut
549 562 642 648 plane
656 583 727 624 cum
744 562 840 624 Patre
854 574 886 623 et
903 559 1023 646 Spiritu
1041 562 1075 623 S.
1092 582 1169 624 eun-

121 649 194 714 'dem
209 647 325 712 faciant
340 645 457 710 Filium
472 649 691 712 ὑποστατικῶςε
716 646 763 709 uti
780 644 910 709 vicissim
926 643 1116 709 Theodotus
1130 645 1170 710 ad

122 734 255 798 alterum
269 755 431 797 recurrens
445 745 621 796 extremum
636 731 669 794 in
684 730 750 794 sola
763 730 903 795 haerebat
916 730 1125 810 humanitate,
1139 746 1171 795 et

124 818 286 884 Christum
308 818 429 882 nudum
448 841 513 882 esse
531 817 688 881 homiuem
703 816 887 880 affirmabat.
933 817 985 880 De
1001 816 1170 880 Theodoto

121 917 237 992 praeter
251 904 327 968 ahos
342 904 482 967 meminit
496 902 589 967 etiam
604 902 793 966 Timotheus
809 902 973 988 presbyter
983 924 1003 964 a
1014 902 1171 966 Cotelerio

26 1042 31 1057 .
122 988 225 1055 editus
242 991 311 1053 III·
328 1013 360 1076 p.
372 990 447 1074 389.
492 993 608 1052 Τοῦτον
622 989 675 1051 τὸν
690 989 843 1052 Θεόδοτόν
858 997 954 1068 φασιν
972 991 1022 1066 τῆς
1036 992 1090 1051 τοῦ
1109 994 1168 1051 Σα-

121 1074 281 1156 μωσατέως
301 1075 443 1157 αἱρέσεως
463 1074 596 1157 ἀρχηγὸν
617 1075 664 1137 καὶ
683 1073 797 1154 πατέρα
816 1072 971 1154 γενέσθαι,
991 1078 1109 1153 πρῶτον
1128 1076 1168 1137 εἰ-

122 1163 218 1227 πόντα
233 1160 286 1224 τὸν
300 1160 432 1242 Χριστὸν
446 1161 542 1241 ψιλὸν
557 1161 725 1241 ἄνθρωπον.
766 1158 913 1244 Denique
927 1158 1169 1235 observandum,

123 1245 210 1333 quod
225 1249 265 1331 τῷ
280 1248 466 1325 μονοκοίλος,
483 1245 566 1309 infra
579 1269 606 1308 c.
620 1264 653 1325 4.
669 1243 840 1330 opponitur
854 1243 1036 1324 ὁλοκλήρως.
1060 1244 1168 1307 Fano.

174 1333 213 1394 Ρ.
233 1351 288 1413 49.
311 1330 330 1393 ἰ.
355 1351 383 1396 2.
414 1333 571 1413 ἄνθρωπον
597 1334 742 1412 συνιστᾷν
767 1329 865 1411 ψιλὸν
890 1329 1091 1427 βουλόμενος]
1118 1331 1169 1393 Ita

123 1415 218 1481 vertit
234 1415 424 1494 Turrianus,
440 1439 477 1481 ac
495 1416 520 1480 si
537 1417 591 1480 τὸν
610 1414 741 1496 Χριστὸν
755 1428 828 1478 ante
841 1416 998 1496 ἄνθρωπον
1012 1427 1070 1477 aut
1083 1437 1169 1478 mve-

122 1502 228 1577 nisset‚
243 1516 298 1566 aut
313 1517 395 1566 certe
409 1501 577 1588 legendum
592 1499 804 1564 existimasset.

168 1586 253 1651 Ibid.
270 1588 292 1651 l.
313 1607 362 1651 10.
387 1590 469 1652 ἄλλα
491 1588 529 1651 ἂν
551 1588 599 1650 καὶ
624 1587 740 1666 Νόητος
764 1586 846 1734 νοεῖἕή1
866 1585 1013 1649 Fortasse
1036 1585 1170 1650 scriben-

122 1673 213 1750 dum,
234 1671 302 1736 ἀλλ’
322 1672 451 1752 ἀνοήτως
472 1674 520 1735 καὶ
541 1674 657 1752 Νόητος
679 1677 752 1749 νοεῖ,
769 1685 806 1735 ut
848 1685 881 1734 at
900 1670 1116 1756 paronomasia
1138 1671 1169 1734 in

122 1757 249 1821 nomine
274 1757 381 1836 Nosti,
404 1780 468 1843 qua
494 1779 576 1840 saepe
601 1779 675 1819 usus
698 1771 745 1820 est
767 1755 966 1843 Epiphanius
985 1754 1016 1818 in
1039 1757 1170 1820 Haereai

123 1842 185 1906 lvii.
211 1842 423 1928 Hippolytum
445 1856 579 1905 secutus
625 1844 726 1906 Porro
740 1856 772 1906 et
791 1841 887 1928 paulo
901 1841 983 1904 infra
1001 1841 1056 1920 τήν
1077 1844 1171 1923 ἀφρο-

124 1926 218 2008 σύνην
238 1930 341 1993 No'e'to
360 1928 485 1992 ascribit
506 1927 705 2014 Hippolytus
722 1928 784 1991 fine
798 1949 868 2013 cap.
885 1926 1053 2012 sequentis.
1099 1929 1171 1990 Imo

123 2013 168 2077 ait
182 2013 214 2076 in
229 2037 298 2099 cap.
309 2015 338 2078 8.
353 2016 395 2078 Τί
406 2015 459 2078 οὖν
473 2013 546 2094 πρὸς
559 2018 652 2078 ταῦτα
666 2012 809 2093 τολμήσει
829 2015 955 2092 Nomos,
970 2011 1010 2092 μή
1025 2018 1103 2076 νοῶν
1116 2014 1171 2092 τήν

124 2101 165 2164 dh
184 2102 282 2173 θείαν;

165 2127 252 2249 ibid.
268 2183 290 2248 l.
308 2203 354 2281 13.
378 2182 446 2246 ἀλλ’
462 2185 497 2248 οὗ
510 2184 565 2263 τήν
580 2186 750 2263 οἰκονομίαν
765 2182 934 2271 ἀναιρήσει]
959 2183 1170 2269 Frequens'in

122 2286 264 2335 veterum
280 2268 412 2355 scriptis,
427 2272 597 2349 οἰκονομίαν
615 2291 730 2355 ponere
748 2291 807 2354 pro
818 2270 919 2350 Λόγου
935 2268 1167 2351 ἑνανθρωπήσει,

122 2371 153 2421 et
168 2355 323 2421 divinitati
339 2354 477 2442 ejusdem
493 2377 662 2442 opponere.
686 2353 765 2418 Vide
778 2353 860 2416 infra
871 2376 899 2416 c.
913 2375 964 2437 14.
975 2367 1008 2418 et
1022 2356 1088 2421 Jac.
1104 2355 1169 2418 Bil-

122 2442 198 2507 lium
214 2467 242 2507 c.
253 2463 305 2523 40.
322 2462 435 2505 sacrat.
451 2441 632 2505 Observatt.
646 2440 802 2504 Grabium
817 2438 859 2502 ad
876 2440 1033 2504 Irenaeum
1049 2463 1082 2526 p.
1093 2460 1166 2523 419.

121 2528 310 2592 Vulcanium
331 2527 372 2590 ad
395 2526 550 2614 Cyrillum
573 2540 681 2590 contra
695 2525 1034 2611 Anthropomorphitas
1048 2549 1081 2623 p.
1098 2530 1166 2590 116.

122 2614 303 2678 Dounaeum
318 2612 360 2676 ad
377 2613 637 2699 Chrysostomum
653 2627 726 2677 tom.
740 2613 842 2677 V111.
858 2633 889 2698 p.
901 2628 976 2697 372.
1004 2613 1167 2676 Surcerum

122 2698 154 2761 in
165 2698 341 2762 Thesauro.
356 2699 406 2763 Jo.
420 2698 604 2845 Philippum
617 2699 791 2763 Pfeiferum
800 2710 830 2762 et
846 2698 890 2761 D.
899 2698 1005 2763 Eliam
1015 2697 1168 2763 Veielium

122 2784 175 2846 τὸν
196 2785 358 2863 μακαρίτην
379 2781 412 2844 in
436 2806 482 2846 sm
540 2784 646 2847 aribus
670 2783 710 2847 de
735 2783 924 2847 OEconomia
947 2783 1168 2848 dissertationi-

122 2867 192 2945 bus,
217 2867 438 2930 Casaubonum
528 2870 558 2931 E
582 2867 704 2933 istolam
728 2869 825 2954 Greg.
851 2868 987 2952 Nysseni
1007 2891 1082 2956 pag.
1097 2888 1166 2953 105.

123 2953 199 3037 seq.
235 2953 380 3015 Seorsum
395 2953 437 3016 ad
455 2891 611 3017 Homilias
627 2953 830 3052 Theophanis
847 2954 989 3017 Ceramei
1027 2978 1045 3017 a
1070 2969 1166 3039 .459.

122 3037 249 3101 Dicitur
270 3050 376 3101 autem
400 3037 461 3102 κατ’
477 3041 647 3118 οἰκονομίαν
668 3063 735 3126 gen
755 3039 886 3124 aliquid,
903 3039 959 3104 ubi
981 2978 1069 3104 atiud
1089 3039 1168 3126 quid

121 3122 220 3187 oculis
240 3147 272 3187 se
291 3123 393 3201 offert,
409 3123 494 3186 aliud
510 3123 597 3202 latet,
613 3138 649 3189 ut
668 3124 812 3212 pluribus
827 3124 974 3211 exposuit
989 3125 1167 3190 Gatakerus

121 3209 161 3273 ad
179 3211 229 3273 M.
243 3208 398 3273 Antonini
413 3209 466 3273 lib.
480 3210 549 3272 XI.
564 3210 611 3272 18.
628 3233 660 3296 p.
673 3230 747 3296 331.
771 3211 915 3274 anmc.
947 3213 1025 3275 Mea
1038 3211 1166 3297 quidem

120 3295 272 3360 sententia
294 3296 409 3359 rectius
430 3294 556 3372 dixeris
573 3299 742 3375 οἰκονομίαν
763 3295 823 3359 hoc
845 3295 912 3360 loco
934 3296 1166 3383 dispositionem

120 3380 206 3444 illam
220 3405 285 3445 esse
300 3381 487 3445 monarchiae
502 3381 627 3458 divinoe,
642 3403 707 3467 qua
727 3380 760 3443 in
783 3379 891 3444 salutis
910 3397 1025 3446 nostrae
1044 3381 1168 3467 dispen-

122 3466 238 3529 satione
255 3467 396 3530 Trinitas
415 3467 507 3530 simul
522 3489 594 3531 cum
612 3466 791 3530 monarchia
804 3467 953 3532 consistit.
991 3467 1073 3532 Vide
1089 3469 1167 3531 Ter-

122 3549 242 3613 tullian.
261 3552 382 3614 Contra
396 3554 569 3630 Ρναααανα,
585 3574 675 3637 capp.
687 3570 718 3636 3.
730 3571 761 3632 4.
778 3565 809 3615 et
822 3551 907 3616 alibi.

166 3634 249 3699 Ibid.
265 3634 349 3717 l.14.
373 3641 421 3701 διὰ
442 3639 545 3720 ταῦτα]
566 3635 622 3700 Vel
644 3637 812 3700 delendum
836 3661 907 3701 cum
931 3637 1100 3724 interprete
1121 3651 1165 3701 est

122 3724 180 3798 διὰ,
196 3721 246 3784 vel
263 3721 367 3808 potius
384 3725 435 3786 δύο
455 3727 546 3785 ταῦτα
560 3722 794 3808 reponendum3
811 3737 885 3786 sunt
899 3737 1004 3786 autem
1019 3724 1087 3788 haec
1102 3723 1167 3787 duo

121 3806 223 3892 capita
237 3808 416 3871 monarchia
429 3828 461 3871 et
475 3807 655 3870 oeconomia.

165 3894 202 3955 Ρ.
218 3908 271 3978 50.
290 3892 312 3954 l.
330 3912 357 3958 2.
381 3892 595 3979 διηγησόμεθα]
612 3895 694 3956 Haec
714 3915 773 3978 pro
791 3893 874 3956 edito
894 3892 1100 3974 διηγήσωμεθα
1119 3892 1167 3954 in-

121 3992 289 4088 terpretem
305 3992 429 4041 secutus
444 3979 576 4062 reposui.
623 3980 704 4041 Mox
718 3983 952 4059 πανονργεῐσθαι
966 4000 1025 4064 pro
1040 4002 1167 4058 πανουρ-

121 4069 263 4144 γενεοθοιι
276 4062 517 4148 imprimendum
533 4062 649 4126 curavi.

166 4147 249 4211 Ibid.
273 4147 293 4212 l.
309 4168 343 4229 4.
369 4148 407 4211 σὺ
427 4151 485 4229 γὰρ
507 4148 541 4228 ής
562 4150 657 4237 Θεὸς]
676 4147 906 4235 Corrigendum
929 4147 980 4220 εἰς,
1001 4160 1039 4211 ut
1060 4169 1165 4233 supra.

121 4252 154 4312 p.
167 4233 219 4312 48.
236 4232 258 4296 l.
271 4236 300 4298 6.
