2678 4830
133 313 197 379 268
512 314 545 377 S.
567 312 800 378 CYPRIANI

132 484 252 557 denuo
279 483 354 582 ipse
379 483 537 557 declarat
562 484 704 558 dicens:
727 484 869 558 lterum
894 485 1020 558 uidebo
1044 512 1119 572 υοε,
1149 499 1190 562 et

128 599 307 699 gaudebit
333 625 395 672 cor
418 610 589 689 vestrum,
617 610 652 673 et
676 601 856 699 gaudium
887 611 1045 674 vestrum
1075 627 1187 674 nemo

132 713 279 814 auferet
302 739 325 786 α
347 715 456 788 vobis.
508 715 605 787 Cum
627 741 712 813 ergo
735 715 921 788 Christum
946 715 1067 788 videre
1090 741 1186 811 gau·

131 829 215 905 dere
233 831 290 919 sit,
307 858 374 904 nec
392 831 503 929 possit
521 858 597 905 esse
615 831 786 928 gaudium
812 845 973 905 nostrum
1000 831 1067 903 nisi
1092 857 1182 904 cum

132 946 327 1020 viderimus
350 947 549 1036 Christum,
565 974 648 1045 quae
671 949 818 1021 coecitas
840 949 950 1021 animi
974 974 1099 1045 quaeve
1115 947 1183 1020 de·
1194 977 1212 1040 5

132 1065 268 1137 mentis
294 1077 348 1136 ost
374 1091 492 1136 amare
518 1091 699 1162 pressuras
723 1078 759 1137 et
784 1091 912 1164 poenas
936 1078 972 1138 et
999 1065 1182 1163 lacrymas

132 1179 271 1269 mundi,
296 1192 333 1252 et
359 1206 429 1251 non
456 1180 623 1253 festinare
652 1181 773 1278 potius
805 1179 848 1253 ad
879 1180 1052 1280 gandium
1078 1180 1182 1278 quod

131 1322 316 1394 nunquam
335 1296 449 1395 possit
466 1296 617 1370 auferri?

181 1412 246 1485 lV.
274 1413 360 1487 Hoc
379 1426 500 1487 autem
519 1415 573 1501 fit,
590 1414 715 1486 fratres
732 1411 969 1501 dilectissimi,
986 1411 1071 1509 quia
1088 1410 1181 1484 fides

129 1527 241 1614 deest,
271 1529 357 1626 quia
387 1556 494 1603 nemo
521 1529 634 1603 credit
663 1555 746 1604 vera
779 1555 856 1602 esse
885 1555 966 1625 quae
996 1527 1181 1627 promittit
1195 1563 1232 1604 10

128 1643 244 1733 Deus,
260 1643 323 1741 qui
341 1670 449 1717 verax
472 1658 537 1730 est,
555 1645 656 1740 cujus
679 1670 796 1717 sermo
819 1643 1048 1716 credentibus
1074 1655 1181 1716 aeter·

129 1785 197 1831 nus
220 1771 257 1831 et
280 1760 405 1831 firmus
428 1772 493 1832 est.
545 1760 583 1833 Si
610 1758 676 1833 tibi
702 1760 756 1832 vir
782 1762 898 1858 gravis
924 1773 961 1832 et
986 1759 1178 1833 laudabilis

130 1873 265 1971 aliquid
283 1873 524 1972 polliceretur,
538 1873 687 1948 haberes
705 1874 831 1971 utique
848 1874 1033 1973 pollicenti
1053 1873 1179 1962 fidem,

129 2002 258 2063 necte
284 1989 358 2063 falli
386 2001 447 2063 aut
473 1987 593 2089 decipi
622 1991 668 2063 ab
694 2017 738 2063 eo
761 1991 921 2064 crederes
947 2018 1056 2089 quem
1084 2002 1179 2064 stare

129 2107 168 2179 in
193 2106 418 2179 sermonibus
443 2118 551 2204 atque
571 2106 608 2178 in
632 2106 772 2180 actibus
799 2108 872 2180 suis
896 2108 1014 2180 scires.
1064 2107 1178 2180 Nunc
1192 2139 1227 2202 15

128 2223 231 2296 Deus
248 2235 369 2296 tecum
390 2223 572 2320 loquitur;
600 2235 637 2296 et
659 2235 700 2297 tu
723 2236 846 2296 mente
869 2223 1052 2297 incredula
1069 2225 1178 2322 perfi-

128 2337 196 2412 dus
222 2339 399 2413 fluctuas?
437 2338 539 2412 Deus
565 2339 632 2412 tibi
662 2338 708 2413 de
734 2339 805 2412 hoc
830 2339 968 2413 mundo
993 2339 1176 2414 recedenti

128 2454 436 2529 immortalitatem
457 2468 565 2553 atque
583 2455 819 2529 aeternitstem
844 2456 1054 2555 pollicetur3
1081 2468 1117 2529 et
1134 2468 1175 2530 tu

128 2570 295 2644 dubitas?
322 2571 408 2645 Hoc
425 2584 479 2645 est
495 2571 621 2645 Deum
639 2571 788 2644 omnino
809 2598 879 2643 non
897 2598 1015 2660 nosse,
1033 2572 1104 2645 boc
1120 2589 1177 2645 est

128 2688 315 2762 Christum
334 2687 558 2761 credentium
577 2689 788 2788 magistrum
810 2702 960 2787 peccato
982 2688 1175 2762 increduli·
1187 2720 1227 2763 20

126 2806 210 2879 tatis
228 2803 418 2891 offendere,
432 2804 501 2878 hoc
515 2818 570 2878 est
586 2807 623 2877 in
642 2805 793 2879 ecclesia
808 2805 1043 2878 constitutum
1062 2803 1173 2877 fidem

125 2920 164 2993 in
190 2920 300 2993 domo
325 2918 409 2991 fidei
436 2946 508 2992 non
535 2920 677 2993 babere.
730 2921 918 3002 Quantum
942 2921 1056 3020 prosit
1076 2921 1175 2993 exire

126 3037 172 3112 de
189 3035 319 3109 saeculo
336 3034 503 3108 Christus
527 3035 604 3134 ipse
629 3036 754 3110 salutis
779 3048 888 3133 atque
908 3036 1073 3110 utilitatis
1090 3063 1175 3109 nos-

125 3167 189 3228 trae
207 3152 377 3251 magister
397 3151 574 3225 ostendit:
603 3152 664 3248 qui
690 3178 773 3225 cum
797 3151 965 3251 discipuli
990 3151 1065 3248 ejus
1089 3180 1176 3226 con-

126 3271 350 3344 tristarentur
367 3270 464 3369 quod
484 3296 520 3342 se
531 3269 610 3367 jam
628 3268 761 3343 diceret
779 3296 1014 3359 recessurum,
1031 3271 1173 3343 locutus
1184 3304 1199 3343 2
1202 3301 1219 3361 5

49 3397 99 3446 xiv.
126 3399 181 3458 est
198 3385 242 3458 ad
257 3413 318 3459 eos
336 3386 471 3471 dicens,
489 3386 532 3458 Si
550 3411 608 3459 me
625 3385 853 3473 dilexissetis,
868 3386 1084 3483 gauderetis
1100 3386 1173 3458 uti-

127 3527 206 3599 que,
235 3503 403 3598 quereiam
431 3501 523 3576 uado
553 3501 604 3573 ad
628 3501 795 3589 Patrem,
825 3500 959 3574 docens
989 3514 1025 3575 et
1055 3513 1174 3574 osten-

127 3616 226 3705 dens,
253 3642 335 3689 eum
366 3616 437 3688 cari
463 3643 552 3713 quos
579 3615 763 3714 diligimus
791 3616 836 3690 de
864 3617 998 3691 saeculo
1026 3630 1171 3707 exeunt,

32 3818 34 3822 k
127 3731 359 3833 gaudendum
380 3732 500 3831 potius
517 3758 628 3830 quam
645 3731 852 3807 dolendum.
896 3733 1010 3830 Cujus
1028 3734 1078 3807 rei
1098 3760 1173 3807 me-

128 3877 207 3922 mor
235 3851 360 3922 beatus
390 3848 573 3947 apostolus
602 3849 733 3922 Paulus
763 3849 799 3922 in
830 3850 984 3948 epistola
1013 3878 1076 3924 sua
1107 3876 1220 3949 p0·30

2 3978 96 4042 ''rr-i·
126 3966 180 4039 nit
202 3979 239 4040 et
264 3953 483 4056 dieit,'Mitz·
505 3965 625 4038 viuere
651 3965 823 4039 Christus
847 3976 911 4054 est,
939 3976 975 4039 et
1000 3968 1092 4040 mori
1118 3965 1134 4038 l
1158 4012 1173 4027 -

126 4108 249 4167 crum,·
269 4083 408 4156 lucrum
431 4081 632 4154 maximum
652 4095 867 4181 computans
886 4081 963 4178 jam
984 4082 1103 4157 saeculi
1120 4081 1173 4154 la-

125 4200 226 4297 queis
252 4226 324 4272 non
349 4197 473 4287 teneri,
490 4197 569 4293 jam
588 4197 695 4270 nullis
713 4198 869 4298 peccatis
887 4212 924 4272 et
940 4199 1035 4272 vitiis
1054 4197 1170 4271 carnis
