2678 4830
142 309 207 370 224
522 304 807 369 FIRMILIANI

142 478 285 578 cipitur,
301 476 419 576 primo
444 476 479 547 in
506 476 696 576 prophetia
722 474 894 573 loquenti,
912 473 939 545 si
960 475 1120 548 secundo
1140 475 1200 548 fir-

142 595 210 668 erit
232 593 439 666 revelatum.
491 594 575 676 Qua
591 620 637 666 ex
655 619 761 666 causa
778 591 977 664 necessario
1001 592 1098 691 apud
1127 619 1197 666 nos

143 713 196 800 fit,
220 724 262 783 ut
287 735 350 808 per
376 709 535 807 singulos
563 694 675 781 annos
703 707 857 780 seniores
881 720 917 781 et
943 707 1126 808 praepositi
1157 709 1197 781 in

142 852 256 900 unum
292 825 548 899 conveniamus
578 824 622 897 ad
657 822 880 923 disponenda
910 850 952 897 ea
985 850 1066 922 quae
1095 849 1196 898 eurae

142 957 273 1017 nostrae
303 941 497 1015 commissa
527 953 634 1013 sunt:
670 953 712 1012 ut
741 941 770 1011 si
801 965 873 1036 qua
903 939 1065 1038 graviora
1095 953 1195 1030 sunt,
1204 972 1221 1033 5

142 1057 329 1132 communi
343 1056 493 1130 consilio
507 1054 722 1153 dirigantur3
742 1054 848 1153 lapsis
862 1080 1009 1153 quoque
1021 1054 1194 1130 fratribus

143 1188 180 1248 et
204 1186 288 1274 post
311 1173 491 1246 lavacrum
516 1171 669 1244 salutare
692 1197 713 1243 a
735 1170 881 1243 diabolo
904 1171 1110 1262 vulneratis,
1126 1198 1196 1272 per

143 1289 399 1393 poenitentiam
425 1286 566 1360 medela
591 1300 795 1383 quaeratur;
822 1312 895 1359 non
920 1285 1022 1382 quasi
1043 1312 1064 1358 a
1085 1286 1195 1360 nobis

144 1408 391 1483 remissionem
417 1417 647 1504 peccatorum
674 1414 950 1499 consequantur,
973 1401 1035 1474 sed
1061 1415 1102 1474 ut
1127 1429 1195 1502 per
1244 1430 1247 1437 ¹

144 1552 210 1598 nos
228 1523 271 1597 ad
290 1520 565 1620 intelligentiam
583 1519 797 1593 delictorum
816 1544 961 1592 suorum
980 1532 1196 1593 convertan-
1209 1549 1246 1589 10

144 1654 215 1727 tur,
232 1652 269 1711 et
292 1637 456 1710 Domino
473 1635 616 1736 plenius
634 1633 836 1707 satisfacere
852 1649 1037 1733 cogantur.
1089 1635 1196 1718 Quo-

145 1755 243 1828 niam
262 1778 345 1824 vero
363 1752 501 1849 legatus
519 1751 586 1823 iste
604 1777 624 1822 a
641 1750 744 1824 vobis
763 1751 892 1822 missus
910 1749 1047 1848 regredi
1066 1750 1110 1823 ad
1129 1778 1196 1824 vos

145 1868 350 1957 festinabat,
371 1881 408 1940 et
431 1866 623 1940 hibernum
647 1879 793 1964 tempus
816 1867 987 1964 urgebat3
1014 1880 1193 1963 quantum

146 1984 331 2086 potuimus
350 1981 394 2055 ad
413 1981 545 2081 scripta
561 2000 678 2055 vestra
694 1981 953 2082 rescripsimus.

14 2119 113 2170 ulau
196 2101 263 2176 IV.
288 2101 340 2174 Et
366 2098 513 2198 quidem
542 2111 719 2198 quantum
750 2098 795 2171 ad
825 2097 862 2170 id
890 2097 1069 2197 pertineat
1095 2097 1196 2195 quod
1212 2131 1244 2191 15

0 2185 138 2300 ill-liii*
147 2217 354 2316 Stephanus
372 2215 475 2306 dixit,
487 2215 588 2313 quasi
608 2214 759 2314 apostoli
777 2215 913 2311 eosqui
933 2216 978 2286 ab
997 2214 1123 2287 haeresi
1136 2241 1198 2287 ve-

0 2327 125 2439 sfwm
148 2335 262 2424 niant,
278 2331 452 2431 baptizari
478 2330 740 2431 prohibuerint,
763 2345 799 2404 et
821 2331 891 2404 hoc
915 2329 1196 2405 custodiendum

7 2463 101 2561 3⁰¹⁸
149 2450 300 2552 posteris
318 2447 550 2533 tradiderint3
568 2447 776 2547 plenissime
792 2472 856 2519 vos
873 2445 1119 2545 respondistis,
1133 2473 1199 2519 ne·

6 2579 107 2658 rw
150 2567 289 2642 minem
315 2578 390 2637 tam
417 2563 569 2636 stultum
596 2589 672 2635 esse
693 2561 756 2659 qui
780 2561 850 2635 hoc
872 2563 994 2636 credat
1014 2562 1197 2663 apostolos

7 2646 112 2760 nell*
150 2681 350 2767 tradidisse,
367 2678 512 2776 quando
530 2677 638 2751 etiarn
664 2679 758 2776 ipsas
783 2677 934 2750 hereses
956 2690 1096 2751 constet
1113 2703 1198 2750 exe·
1211 2707 1250 2746 20

150 2797 301 2872 crabiles
330 2821 371 2867 ac
398 2792 624 2866 detestandas
655 2806 779 2893 postea
809 2793 981 2866 extitisse.
1032 2793 1129 2867 Cum
1161 2806 1198 2865 et

151 2910 316 2984 Marcion
347 2908 522 2981 Cerdonis
549 2906 746 3007 discipulus
773 2909 986 2999 inveniatur,
1011 2935 1089 2982 sero
1114 2921 1200 3008 post

151 3024 330 3126 apostolos
350 3036 387 3095 et
410 3035 492 3121 post
514 3022 622 3120 longa
645 3025 691 3096 ab
713 3024 764 3096 eis
786 3038 962 3123 tempora,
986 3024 1196 3123 sacrilegam

151 3143 319 3241 adversus
336 3139 458 3211 Deum
480 3137 706 3211 traditionem
725 3139 919 3213 induxisse.
945 3141 1091 3239 Apelles
1109 3166 1199 3237 quo-

151 3285 222 3357 que
245 3256 482 3357 blasphemiae
506 3254 582 3352 ejus
608 3257 845 3347 consentiens,
869 3258 985 3330 multa
1009 3258 1080 3331 alia
1106 3284 1199 3331 nova
1211 3285 1248 3346 25

150 3393 187 3447 et
209 3375 381 3472 graviora,
399 3373 483 3447 fidei
506 3373 704 3446 severitati
727 3374 877 3448 inimica
898 3372 1086 3447 addiderit.
1126 3373 1199 3445 Sed

151 3502 188 3561 et
213 3489 396 3562 Valentini
428 3502 464 3561 et
493 3488 662 3561 Basilidis
692 3503 838 3590 tempus
868 3489 1099 3562 manifestum
1132 3502 1199 3575 est,

152 3603 248 3703 quod
267 3618 304 3677 et
325 3605 393 3704 ipsi
418 3618 500 3704 post
524 3606 703 3704 apostolos
720 3620 758 3680 et
778 3619 862 3707 post
879 3608 1023 3704 longam
1044 3617 1201 3691 aetatem,

153 3720 320 3794 adversus
339 3721 527 3794 eeclesiam
551 3719 622 3794 Dei
647 3722 825 3797 sceleratis
844 3721 1039 3796 mendaciis
1057 3720 1130 3793 suis
1148 3745 1202 3790 re-

153 3836 374 3908 bellaverint.
420 3836 580 3910 Caeteros
598 3863 741 3935 quoque
761 3839 944 3913 haereticos
963 3850 1104 3911 constat
1121 3862 1251 3934 pra-30

152 3981 214 4027 vas
238 3980 319 4027 suas
344 3968 458 4027 sectas
477 3968 513 4027 et
534 3954 757 4028 inventiones
779 3981 961 4054 perversas
979 3966 1086 4053 prout
1104 3951 1202 4049 quis-

154 4097 226 4168 que
243 4096 360 4142 errore
377 4067 507 4142 ductus
525 4083 590 4158 est,
603 4082 728 4168 postca
746 4069 947 4154 induxisse3
966 4096 1056 4166 quos
1074 4093 1201 4141 ornnes

15 4215 84 4265 ‘ess
96 4230 135 4265 u.
156 4186 387 4260 manifestum
407 4198 462 4258 est
488 4212 509 4257 a
529 4185 730 4284 semetipsis
753 4186 941 4259 damnatos
959 4211 1048 4275 esse,
1065 4197 1101 4257 et
1119 4197 1202 4256 ante

13 4496 141 4540 A
