2678 4830
226 340 278 403 IN
302 341 334 404 S.
351 341 488 405 CYPR.
507 340 572 402 DE
594 338 786 403 IDOLOR.
804 340 1069 405 VANITATE.
1113 343 1178 408 323

129 512 485 598 multofideifortiorea.
523 509 735 588 carnotensis,
751 491 1034 596 multofociliorea.
1069 514 1180 599 Atfe-

130 601 253 663 lictores
277 620 337 684 pro
351 598 525 684 flaciliorea
551 595 701 682 scriptum
728 611 774 660 est
798 597 830 659 in
858 597 964 661 codice
989 599 1086 663 sancti
1113 603 1178 663 Ar·

128 686 250 771 nulphi.
280 686 410 748 Bnnuz.
454 684 507 746 Ex
522 682 627 746 codice
643 683 726 745 Novi
743 683 875 769 Collegii
892 703 922 751 2.
933 706 1066 771 meoque
1080 687 1180 750 Msto

129 772 235 851 verba,
251 771 388 834 melioris
409 771 547 856 obsequ-ii
569 778 599 832 et
643 769 693 831 det
701 770 860 854 fhrtiorr'c
876 770 909 833 in
928 784 1050 835 textum
1065 773 1176 859 recepi.

128 860 230 921 Extat
246 858 278 920 in
299 856 369 919 cod.
386 879 515 943 quoque
530 855 598 940 ejus
624 903 630 917 .
646 853 767 941 collegii
782 879 877 942 quem
893 856 1020 920 tertium
1039 858 1177 937 nomin0,

128 943 182 1006 sed
197 943 308 1007 ordine
320 965 432 1006 vocum
447 955 580 1021 mutato,
582 941 741 1025 fortioris
745 941 840 1028 fidei.
864 944 905 1005 In
921 942 989 1007 cod.
1004 967 1079 1007 vero
1094 945 1179 1008 Novi

130 1028 209 1093 Coll.
236 1029 321 1093 dicto
347 1049 377 1092 1.
403 1043 526 1092 tantum
551 1027 653 1113 posita
677 1042 751 1092 sunt
771 1029 868 1092 verba
890 1030 986 1093 multo
1000 1030 1179 1115 fideliores,

127 1115 248 1179 omissis
269 1115 340 1194 illis,
355 1116 494 1180 melioria
515 1114 664 1202 obsequii,
687 1115 774 1200 quod
796 1128 828 1179 et
850 1116 970 1179 factum
992 1128 1039 1180 est
1059 1115 1092 1179 in
1114 1117 1180 1181 edi-

127 1201 211 1266 tione
227 1200 391 1266 Gronovii.

172 1290 212 1352 P.
231 1291 303 1354 262.
326 1288 346 1351 l.
364 1308 415 1373 33.
438 1283 631 1349 illuminator
654 1299 686 1350 et
709 1285 862 1351 deductor
887 1287 1018 1351 humani
1040 1289 1175 1377 generis]

129 1374 235 1460 Vulgo
249 1375 365 1451 doctor,
382 1372 437 1437 sed
456 1372 605 1437 deductor
622 1373 740 1459 recepit
754 1373 946 1452 Gronovius,
960 1374 1178 1461 recentiusque

130 1460 322 1538 Liudnerus,
337 1460 415 1523 dum
436 1457 492 1520 diu
515 1473 587 1522 ante
604 1472 776 1544 utrumque
799 1458 959 1546 Rigaltius
973 1460 1032 1524 boc
1047 1475 1176 1526 annota-

129 1561 234 1610 verat:
261 1554 282 1630 ‘f
294 1547 442 1610 deductor
463 1545 595 1608 hunroci
613 1548 767 1632 generis:
801 1546 844 1610 sio
866 1546 981 1631 legitur
1002 1546 1179 1633 antiquissi-

130 1641 152 1674 “
169 1633 228 1696 mis
243 1632 394 1720 Cypriani.
410 1643 441 1695 et
455 1630 644 1695 Tertulliani
660 1631 919 1718 exemplaribus.”
963 1635 1064 1696 Extat
1083 1656 1178 1720 porro

128 1720 276 1784 deductor
290 1719 322 1781 in
338 1718 431 1782 codd.
442 1717 568 1781 duobus
583 1717 667 1781 Novi
683 1716 815 1804 Collegii
825 1741 861 1782 ac
874 1721 1081 1782 Tenaterano
1096 1743 1176 1785 meo.

129 1807 199 1869 Vox
216 1805 405 1869 Tertulliani
419 1818 476 1882 est,
493 1826 565 1868 cum
586 1802 659 1868 alibi
680 1817 748 1867 tum
769 1804 862 1868 etiam
877 1804 908 1867 in
926 1804 995 1892 ipso
1013 1805 1072 1869 boc
1088 1807 1176 1893 Apo-

127 1890 251 1978 logetici
265 1891 344 1969 loco,
360 1913 455 1978 quem
471 1890 533 1954 buc
548 1889 707 1954 transtulit
723 1890 912 1977 CyprianuS,
927 1914 961 1954 re
985 1905 1060 1956 crta.

172 1980 211 2042 P.
225 1981 297 2063 263.
313 1977 333 2041 l.
351 1998 379 2041 1.
403 1978 468 2041 Hic
488 1990 535 2041 est
553 1976 654 2040 virtus
673 1976 745 2055 Dei,
769 1980 839 2058 dic]
863 1915 1081 2041 Tertullianus
1094 1978 1177 2065 Apo-

127 2064 221 2150 leget.
237 2087 305 2150 cap.
320 2082 372 2148 23.
387 2066 451 2126 Dei
467 2066 583 2138 virtus,
599 2071 628 2125 et
647 2065 712 2125 Dei
731 2064 879 2147 spiritua,
895 2071 925 2125 et
942 2084 1055 2141 sermo,
1077 2073 1106 2128 'et
1123 2087 1176 2129 ao-

120 2152 259 2236 pientio,
274 2159 304 2213 et
318 2151 413 2226 ratio,
429 2159 459 2213 et
475 2149 537 2212 Dei
552 2149 670 2211 Filius.
700 2147 818 2211 Confer
838 2161 869 2210 et
888 2146 1013 2211 initium
1034 2148 1087 2213 lib.
1108 2151 1177 2235 ejus

127 2237 165 2299 de
184 2238 347 2312 Oratione,
371 2257 466 2320 supra
487 2256 561 2319 pag.
573 2249 625 2317 97.
671 2234 723 2295 Ita
745 2245 775 2295 et
797 2232 830 2295 in
853 2234 1055 2318 sequentibus
1076 2235 1178 2300 multa

128 2321 191 2384 buc
210 2320 360 2385 translata
379 2332 452 2383 sunt
469 2342 509 2382 ex
528 2341 598 2416 cap.
614 2335 663 2382 20.
679 2317 781 2404 ejusd.
794 2319 959 2468 Apologet.
974 2321 1176 2406 quemadmo-

127 2406 251 2470 dumio
267 2405 480 2492 superioribus
494 2404 631 2490 plurima
647 2403 714 2490 jam
730 2418 803 2468 ante
840 2404 969 2469 ebuerat
984 2420 1094 2471 auctor
1109 2407 1175 2471 Mi-

127 2492 220 2555 nucio
235 2492 345 2556 Felici.

171 2578 257 2642 Ibid.
274 2576 294 2641 l.
308 2598 340 2663 3.
364 2576 397 2639 in
410 2575 563 2662 virginem
584 2575 755 2660 delabitur]
773 2575 927 2655 Quoniam
947 2578 1008 2641 hoc
1027 2601 1086 2665 pro
1105 2578 1177 2642 vul-

125 2677 201 2748 gato
215 2665 369 2741 illuditur,
386 2676 448 2726 tres
462 2661 611 2727 exhibent
628 2662 750 2726 codices
768 2662 800 2725 in
822 2662 896 2726 edit.
914 2665 1017 2728 Oxon.
1033 2664 1174 2746 adducti,

126 2763 158 2812 et
177 2763 240 2814 tres
260 2748 305 2813 illi
324 2748 411 2836 apud
428 2750 557 2812 Novum
573 2748 761 2835 Collegium,
777 2771 929 2835 meusque
943 2749 1051 2815 itidem
1066 2774 1176 2815 manu-

126 2835 270 2922 scriptus,
285 2835 369 2899 idem
385 2859 444 2922 ego
454 2834 591 2922 praetuli,
604 2834 692 2921 quod
704 2849 736 2901 et
750 2835 932 2899 Linduerus
944 2836 1028 2901 fecit.
1053 2840 1109 2900 An
1125 2837 1175 2902 bic

124 2921 250 3008 legend.
263 2923 371 2987 induit
380 2944 439 3008 pro
448 2922 608 3000 induitur,
622 2934 659 2985 ut
670 2923 776 2986 statim
791 2934 863 3009 post
875 2922 1032 2986 'bominem
1048 2924 1175 2988 induit?

171 3007 256 3072 Ibid.
279 3008 300 3072 l.
317 3010 347 3073 8.
379 3007 526 3072 Sciebant
551 3020 583 3071 et
608 3007 728 3092 Judaei]
754 3010 822 3072 Ista
845 3020 877 3071 et
901 3031 974 3096 quae
998 3022 1175 3094 sequuntur

125 3092 223 3158 ferme
243 3107 348 3159 sumta
367 3108 440 3159 sunt
458 3093 563 3159 omnia
576 3117 616 3158 ex
631 3093 734 3182 capite
749 3113 798 3161 21.
816 3093 1017 3181 Apologetici
1039 3095 1174 3159 Tertul-

125 3178 208 3242 liani.
233 3181 360 3245 Banna.

171 3265 255 3329 Ibid.
272 3267 295 3330 l.
311 3286 361 3330 11.
378 3289 442 3330 uno
456 3266 511 3352 qui
525 3265 672 3330 exercitio
683 3279 715 3330 et
729 3264 874 3352 exemplo
884 3265 1018 3328 hominis
1027 3265 1175 3351 fungere-

125 3355 191 3438 tur]
209 3352 303 3432 Quod
318 3353 481 3417 obscurius
498 3351 549 3416 hic
567 3351 689 3439 scripsit
715 3364 835 3429 auctor,
859 3350 893 3414 in
917 3351 1063 3416 omuibus
1086 3351 1174 3416 libris

124 3452 220 3502 extat.

170 3524 253 3588 Ibid.
269 3524 290 3587 l.
304 3544 355 3590 20.
380 3525 495 3611 Itaque
509 3546 581 3588 eum
597 3522 759 3604 Christus]
768 3525 865 3587 Jesoa
879 3521 1003 3586 addunt
1017 3521 1088 3587 libri
1102 3537 1174 3610 post

126 3610 310 3674 Manutium
331 3610 425 3686 editi;
450 3633 523 3675 cum
545 3632 619 3673 vero
663 3623 756 3674 raeter
777 3608 928 3673 editiones
949 3609 1174 3674 vetustissimas

125 3696 263 3759 nesciant
279 3695 362 3760 idem
378 3711 516 3782 quatuor
534 3695 580 3758 illi
597 3633 731 3775 codiceS,
770 3694 864 3759 uibus
877 3694 910 3757 in
925 3694 1047 3759 edendo
1060 3696 1120 3759 boc
1134 3696 1174 3758 li·

125 3779 207 3844 bello
221 3804 297 3845 usus
312 3804 392 3860 sum,
409 3805 515 3846 vocem
529 3780 733 3846 omittendam
747 3719 839 3846 duxi.
885 3783 926 3845 In
941 3780 1017 3845 edit.
1033 3781 1174 3869 principe

125 3864 239 3930 desunt
253 3868 361 3948 verba,
376 3891 446 3932 curn
462 3869 611 3934 Christus
624 3869 807 3932 occandum.

170 3951 256 4015 Ibid.
278 3951 301 4017 l.
318 3968 369 4036 27.
393 3953 612 4018 existimabant
633 3976 760 4040 magum
784 3952 825 4017 de
847 3951 971 4016 licentia
993 3950 1170 4039 potestatis]

126 4038 269 4101 Positum
290 4052 336 4101 est
354 4041 481 4104 licentio
496 4041 664 4127 potestatis
684 4062 743 4125 pro
762 4062 800 4102 eo
818 4038 905 4125 quod
925 4050 983 4116 est,
996 4036 1173 4123 amplitudo

124 4124 201 4210 ejus.
248 4123 464 4190 Tertullianus
485 4149 554 4213 cap.
572 4143 623 4191 20.
640 4125 846 4212 Apobgetr'ci‚
872 4126 969 4198 Quem
993 4125 1103 4210 igitur
1123 4145 1173 4187 ao·
1266 4152 1268 4156 ·

124 4211 280 4274 tummodo
301 4212 453 4275 metnem
470 4221 746 4300 praesumpserant
764 4213 801 4275 de
823 4212 1009 4288 hirmilitate,
1025 4211 1171 4296 aequabo-

125 4305 179 4360 tur
193 4306 231 4361 ut
244 4318 377 4384 mogum
391 4300 611 4362 ematimoreot
625 4297 663 4359 de
670 4306 835 4383 potestate.

617 4404 641 4446 Y
658 4400 676 4448 2
