2678 4830
130 305 194 367 142
482 300 825 366 TERTULLIANI

3 534 5 539 s
54 499 104 549 xiv.
129 473 220 549 tradi
235 475 423 574 oportebat
430 505 440 558 ;
459 471 522 547 sed
534 500 586 547 ve
603 472 784 548 traditori:
804 501 849 546 ne
867 474 946 572 quis
964 474 1073 548 etiam
1093 476 1182 550 hinc

130 592 282 666 haereses
298 588 478 664 defendat.
529 591 567 664 Si
592 604 628 664 et
650 591 789 691 Apellis
811 604 966 664 stemma
986 604 1180 667 retractau-

125 708 219 783 dum
238 721 304 799 est,
317 720 393 782 tam
412 735 485 780 non
501 705 601 808 (for.
612 736 685 781 non
699 715 789 805 tam)
804 724 906 781 vetus
919 723 953 781 et
968 709 1054 808 ipse,
1067 736 1178 807 quam

131 825 298 901 Marcion
323 825 507 898 institutor
529 838 566 899 et
585 825 832 924 praeformator
849 826 949 922 ejus:
976 825 1037 898 sed
1056 827 1178 926 lapsus

130 945 166 1018 in
190 944 380 1018 foeminam
405 940 564 1015 desertor
581 942 814 1016 continentiae
838 943 1114 1034 Marcionensis,
1132 945 1205 1030 abs

130 1062 243 1135 oculis
278 1057 494 1133 sanctissimi
528 1058 690 1157 magistri
720 1058 978 1132 Alexandriam
1021 1061 1178 1134 secessit.

131 1177 222 1251 Inde
244 1189 327 1276 post
349 1202 461 1248 annos
484 1201 663 1273 regressus
687 1201 761 1247 non
786 1176 922 1262 melior,
940 1175 1008 1247 nisi
1033 1189 1177 1250 tanturn

130 1293 306 1393 quiajam
324 1319 398 1365 non
417 1290 666 1381 Marcionites,
681 1291 716 1364 in
732 1293 877 1365 alteram
898 1291 1088 1365 foeminam
1107 1293 1177 1366 im·

128 1412 240 1512 pegit,
258 1411 355 1483 illam
374 1408 549 1506 virginem
572 1408 814 1482 Philumenen
834 1410 959 1507 (quam
979 1435 1086 1507 supra
1104 1410 1179 1483 edi-

129 1528 263 1625 dimus)
282 1540 408 1626 postea
428 1553 513 1600 vero
538 1526 699 1600 immane
723 1527 978 1626 prostibulum,
1001 1540 1038 1599 et
1060 1528 1174 1626 ipsam
1190 1556 1224 1597 10

128 1645 230 1742 cujus
248 1657 476 1742 energemate
494 1644 774 1734 circumventus,
793 1670 881 1742 quas
907 1646 952 1717 ab
975 1672 1017 1716 ea
1038 1645 1176 1736 didicit,

128 1761 362 1836 Phaneroseis
389 1759 542 1858 scripsit.
593 1759 728 1833 Adhuc
757 1761 794 1832 in
826 1762 957 1833 saeculo
985 1778 1178 1861 supersunt

128 1881 191 1980 qui
217 1876 450 1950 meminerint
475 1902 614 1967 eorum,
641 1877 751 1950 etiam
778 1878 913 1976 proprii
940 1879 1117 1953 discentes
1140 1895 1177 1954 et

128 2022 348 2071 successores
375 1994 548 2093 ipsorum,
565 2020 612 2066 ne
638 2021 675 2066 se
700 1995 913 2093 posteriores
939 2022 1069 2094 negare
1094 2024 1177 2096 pos-

1 2181 4 2188 ,
33 2182 39 2196 ,
69 2147 92 2196 ·,
128 2115 210 2188 sint.
264 2114 496 2208 Quamquam
516 2123 552 2183 et
570 2109 614 2183 de
631 2111 800 2211 operibus
819 2112 903 2202 suis,
920 2125 961 2183 ut
984 2112 1076 2186 dixit
1099 2113 1222 2198 D0-15

128 2231 262 2320 minus,
278 2229 521 2302 revincuntur.
573 2229 610 2301 Si
630 2229 727 2302 enirn
748 2230 914 2304 Marcion
933 2258 1068 2304 novum
1087 2233 1176 2306 Tes-

127 2358 331 2421 tamentum
353 2371 374 2418 a
390 2357 508 2418 vetere
535 2346 723 2444 separavit,
741 2347 916 2446 posterior
933 2359 987 2420 est
1004 2376 1059 2435 eo,
1077 2350 1175 2446 quod

126 2462 318 2564 separavit;
338 2459 423 2558 quia
434 2486 595 2560 separare
608 2489 680 2535 non
695 2477 826 2562 posset,
838 2463 906 2537 nisi
921 2463 1017 2561 quod
1029 2464 1175 2536 unitum

126 2580 205 2653 fuit.
233 2578 391 2653 Unitum
409 2604 494 2676 ergo
512 2590 594 2652 ante
613 2606 722 2676 quam
738 2594 968 2680 separaretur,
979 2593 1104 2680 postea
1123 2609 1176 2654 se-

127 2709 306 2798 paratum,
332 2693 564 2793 posteriorem
591 2695 748 2769 ostendit
776 2711 1026 2796 separatorem.
1079 2698 1224 2776 Itcm20

127 2811 354 2898 Valentinus,
372 2808 474 2882 aliter
490 2835 674 2907 exponens
693 2824 729 2885 et
746 2812 823 2884 sine
840 2813 951 2886 dubio
968 2815 1175 2903 emendans,

128 2930 198 3003 hoe
215 2924 363 2997 nomine
381 2921 551 3019 quicquid
576 2925 745 2997 emendat
766 2938 807 2998 ut
830 2933 1044 3002 mendosum
1069 2944 1174 3021 retro,

129 3042 286 3119 anterius
297 3038 408 3112 fuisse
421 3036 654 3111 demonstrat.
681 3040 762 3112 Hos
777 3055 818 3113 ut
832 3041 1043 3138 insigniores
1058 3058 1093 3116 et
1107 3046 1175 3116 fre-

130 3159 334 3261 quentiores
352 3152 530 3229 adulteros
546 3154 704 3229 veritatis
722 3156 963 3230 nominamus.
1002 3160 1172 3231 Ceterum

127 3293 164 3353 et
188 3274 361 3377 Nigidius
387 3270 507 3344 nescio
534 3271 626 3370 quis,
650 3287 687 3346 et
713 3274 976 3374 Hermogenes,
1004 3288 1040 3347 et
1068 3274 1219 3377 multi25

128 3396 198 3486 aiii,
216 3395 278 3492 qui
297 3392 415 3468 adhuc
436 3392 624 3469 ambulant
649 3404 891 3492 pervertentes
914 3392 988 3466 vias
1012 3392 1096 3482 Dei,
1113 3419 1174 3465 cu-

126 3511 188 3611 pio
213 3513 404 3587 ostendant
429 3513 521 3586 mihi
547 3536 591 3584 ex
618 3536 691 3607 qua
717 3509 928 3583 auctoritate
954 3511 1173 3610 prodierunt.

127 3629 165 3702 Si
193 3627 303 3703 aliurn
330 3630 455 3704 Deum
480 3626 690 3728 praedicant,
708 3627 891 3727 quomodo
917 3628 994 3724 ejus
1021 3629 1091 3702 Dei
1120 3656 1174 3700 re-

127 3747 206 3835 bus,
224 3759 261 3818 et
276 3745 415 3839 litteris,
428 3760 465 3820 et
482 3743 691 3818 nominibus
709 3758 859 3819 utuntur
877 3743 1044 3818 adversus
1063 3772 1173 3843 quern

126 3860 344 3962 praedicant?
374 3863 402 3937 si
431 3861 613 3951 eumdem,
638 3859 822 3959 quomodo
848 3861 972 3933 aliter?
1015 3861 1173 3933 Probent
1183 3901 1221 3956 30

126 4004 165 4051 se
194 4004 304 4052 novos
335 3979 516 4080 apostolos
546 4004 644 4051 esse:
678 3978 801 4052 dicant
827 3977 1014 4050 Christum
1041 3977 1172 4050 iterum

125 4093 363 4187 descendisse,
389 4097 519 4171 iterum
546 4095 664 4194 ipsum
696 4094 872 4183 docuisse,
899 4094 1029 4166 iterum
1060 4095 1174 4167 cruci-

126 4212 254 4302 fixum,
280 4213 410 4288 iterum
437 4227 633 4299 mortuum,
659 4211 790 4285 iterum
816 4210 1091 4285 resuscitatum:
1122 4211 1173 4283 sic
