2678 4830
500 295 565 359 DE
589 294 851 360 ORATIONE.
1140 298 1203 361 103

156 476 278 538 menta
295 463 505 562 proderunt,
520 466 549 537 si
568 465 621 538 illi
638 479 849 566 reputamur
866 491 988 540 revera
1005 467 1108 563 quasi
1125 480 1205 546 tau-

155 607 214 653 rus
237 579 280 652 ad
299 579 509 653 victimam?
544 581 691 654 Sciebat
714 581 897 655 Dominus
922 608 960 654 se
986 582 1103 656 solum
1127 582 1204 658 sine

155 695 288 768 delicto
305 722 393 768 csse.
444 695 566 770 Docet
582 696 717 794 itaque,
735 711 901 796 petamus
920 720 1074 772 murm
1092 723 1205 774 Nours

156 833 299 895 unum
325 833 482 885 uosrun.
525 812 803 911 Exomologesis
830 825 896 904 cst,
914 815 1043 915 petitio
1067 817 1204 903 venioe3

127 927 240 1023 5quia
262 926 325 1023 qui
348 928 440 1026 petit
463 927 618 1018 veniam,
635 928 808 1002 delictum
832 932 1034 1004 confitetur.
1086 930 1147 1002 Sic
1169 943 1206 1004 et

154 1042 372 1142 poenitentia
389 1043 657 1118 demonstratur
674 1045 906 1145 acceptabilis
924 1046 1018 1137 Dee,
1031 1047 1115 1145 quia
1127 1046 1207 1122 vult

156 1183 246 1244 eam,
263 1184 373 1256 quam
389 1169 542 1233 mortem
558 1161 779 1258 peccatoris,
797 1161 950 1253 (Ezech.
969 1162 1096 1234 xxxiii.
1119 1166 1205 1259 ll.).

154 1273 334 1347 Debitum
353 1287 474 1347 autem
493 1274 529 1347 in
548 1275 732 1375 scripturis
750 1275 872 1350 delicti
891 1279 1007 1375 figura
1024 1290 1089 1365 est,
1106 1277 1206 1375 quod

154 1389 303 1488 perinde
331 1388 473 1484 judicio
502 1389 686 1477 debeatur,
714 1403 752 1465 et
780 1393 826 1464 ab
857 1419 901 1464 eo
931 1391 1107 1491 exigatur,
1137 1419 1205 1466 nec

111 1533 145 1571 ιο
155 1505 284 1579 evadat
294 1504 475 1599 justitiam
493 1506 704 1594 exactionis,
716 1505 785 1578 nisi
803 1506 957 1580 donetur
970 1507 1123 1598 exactio,
1138 1511 1206 1583 sic-

155 1631 197 1695 ut
214 1617 265 1691 illi
285 1645 385 1692 servo
398 1618 582 1693 Dominus
597 1618 761 1692 debitum
779 1620 919 1692 remisit
932 1620 1058 1712 (Mart.
1072 1647 1105 1694 v.
1116 1628 1204 1721 25.).

156 1735 245 1808 Huc
261 1734 360 1807 enim
379 1748 518 1835 spectat
535 1735 745 1835 exemplum
763 1735 942 1833 parabolae
956 1736 1079 1810 totius.
1104 1737 1205 1812 Nam

155 1863 192 1922 et
217 1849 314 1947 quod
341 1849 438 1922 idem
464 1876 584 1923 servus
608 1877 629 1923 a
650 1850 800 1922 domino
822 1850 1006 1940 liberatus,
1027 1879 1102 1925 non
1125 1880 1206 1953 per·
1330 1861 1335 1867 ’

155 1964 238 2037 inde
256 1962 372 2062 parcit
388 1964 542 2037 debitori
560 1991 638 2054 suo,
656 1992 698 2038 ac
721 1977 910 2063 propterea
933 1964 1072 2039 delatus
1094 1992 1204 2066 penes

111 2108 143 2166 15
154 2079 345 2153 dominum
374 2078 499 2153 tortori
529 2079 716 2178 delegatur
745 2079 789 2151 ad
816 2079 1029 2153 solvendum
1055 2081 1206 2155 novissi-

155 2221 259 2268 mum
277 2194 527 2293 quadrantem,
543 2195 581 2267 id
598 2206 664 2285 est,
681 2193 867 2267 modicum
887 2220 1001 2292 usque
1017 2194 1204 2284 delictum,

154 2337 197 2383 eo
215 2311 404 2410 competit,
421 2311 520 2409 quod
543 2311 726 2384 remittere
749 2336 814 2381 nos
832 2335 975 2407 quoque
991 2313 1206 2408 profitemur

154 2426 376 2500 debitoribus
389 2425 531 2499 nostris.
557 2429 582 2498 J
583 2452 641 2499 am
657 2437 695 2498 et
705 2425 790 2497 alibi
803 2450 847 2496 ex
861 2424 930 2496 hac
944 2424 1064 2522 specie
1076 2426 1206 2499 oratio-

155 2541 234 2614 nis:
251 2541 456 2630 Remittr'te,
480 2541 611 2638 inquit,
635 2550 672 2613 et
691 2541 903 2613 remittetur
923 2539 1020 2612 vobis
1038 2539 1144 2632 (Luc.
1157 2541 1204 2615 vi.

110 2663 242 2756 2037.).
285 2658 337 2731 Et
359 2684 475 2755 quum
499 2658 755 2756 interrogasset
772 2657 910 2740 Petrus,
931 2655 966 2728 si
992 2655 1125 2753 septies
1148 2680 1207 2728 re-

154 2773 371 2847 mittendum
384 2771 632 2874 essetfratri:
652 2771 745 2859 Into,
758 2769 889 2867 inquit,
901 2772 1112 2869 septuagies
1122 2795 1206 2868 sep-
1278 2816 1280 2819 -

155 2890 235 2974 tier,
250 2887 374 2981 (Mau.
389 2888 489 2960 xviii.
503 2894 580 2987 22.)
593 2899 633 2960 ut
648 2888 766 2984 legem
784 2885 822 2957 in
841 2884 969 2958 melius
986 2886 1206 2973 reformaret,

156 3002 253 3099 quod
275 3002 313 3074 in
331 3002 464 3075 Genesi
484 3002 545 3095 (iv.
557 3009 632 3099 24.)
651 3000 696 3074 de
716 3001 810 3073 Cain
826 3001 969 3096 septies,
986 2999 1030 3073 de
1046 2998 1208 3074 Lameeb

156 3127 280 3190 autem
296 3119 508 3216 septuagies
523 3118 668 3214 septim,
683 3116 776 3190 ultio
793 3125 966 3212 reputata
983 3126 1048 3189 est.

111 3262 144 3322 25
203 3233 350 3330 Adjecit
375 3233 420 3307 ad
444 3232 709 3333 plenitudinem
731 3245 808 3304 tam
826 3230 1004 3329 expeditae
1021 3229 1205 3317 orationis,

155 3360 293 3421 utnon
316 3349 361 3421 de
384 3347 609 3421 remittendis
635 3360 790 3436 tantum,
812 3345 874 3418 sed
899 3344 1009 3418 etiam
1035 3343 1081 3418 de
1106 3369 1206 3418 aver·

155 3463 276 3535 tendis
301 3464 339 3536 in
362 3476 481 3537 totum
505 3462 646 3535 delictis
665 3462 963 3562 supplicaremus,
979 3484 1030 3532 ΝΕ
1052 3483 1125 3533 nos
1147 3483 1207 3532 lu-

156 3600 280 3650 nuens
294 3602 334 3650 m
346 3600 632 3666 rnn‘rnrmnrru,
644 3575 681 3650 id
693 3590 759 3666 cst,
772 3603 818 3651 ne
831 3602 896 3648 nos
910 3573 1054 3674 patiaris
1068 3573 1205 3663 induci,

157 3695 202 3766 ab
220 3720 263 3765 eo
283 3694 407 3791 utique
425 3692 488 3790 qui
505 3705 632 3766 tentat.
661 3692 834 3766 Ceterum
853 3691 947 3764 absit
965 3703 1005 3764 ut
1022 3689 1207 3763 Dominus

109 3840 147 3897 30
156 3821 294 3881 tentare
311 3809 486 3895 videatur,
505 3811 607 3906 quasi
634 3821 697 3882 aut
717 3809 859 3907 ignoret
883 3807 994 3879 fidem
1020 3807 1207 3903 cujusque,

157 3936 220 3996 aut
232 3922 385 4019 dejicere
404 3923 450 3996 sit
467 3924 634 4022 gestiens.
669 3922 818 3998 Diaboli
837 3934 945 3995 estet
961 3920 1152 3994 infirmitas
1169 3931 1207 3992 et

158 4039 307 4111 malitia.
349 4038 449 4112 Nam
474 4052 511 4112 et
533 4038 785 4112 Abrahamum
811 4064 885 4110 non
910 4034 1095 4110 tentandae
1120 4031 1206 4105 fidei

158 4151 273 4249 gratia
293 4155 491 4229 sacrificare
510 4153 556 4228 de
578 4153 654 4227 filio
669 4153 837 4250 jusserat,
854 4152 918 4226 sed
933 4148 1144 4252 probandae3
1164 4158 1207 4219 ut

656 4289 680 4331 Η
695 4287 716 4348 4
