<?xml version="1.0" encoding="UTF-8"?>
<!DOCTYPE html PUBLIC "-//W3C//DTD XHTML 1.0 Transitional//EN"
    "http://www.w3.org/TR/xhtml1/DTD/xhtml1-transitional.dtd">
<html xmlns="http://www.w3.org/1999/xhtml" xml:lang="en" lang="en">
 <head>
  <title>
</title>
<meta http-equiv="Content-Type" content="text/html;charset=utf-8" />
  <meta name='ocr-system' content='tesseract 3.04.00' />
  <meta name='ocr-capabilities' content='ocr_page ocr_carea ocr_par ocr_line ocrx_word'/>
</head>
<body>
  <div class='ocr_page' id='page_1' title='image "./scriptorumeccle00unkngoog_0065.png"; bbox 0 0 2678 4830; ppageno 0'>
   <div class='ocr_carea' id='block_1_1' title="bbox 128 311 801 378">
    <p class='ocr_par' dir='ltr' id='par_1_1' title="bbox 128 311 801 378">
     <span class='ocr_line' id='line_1_1' title="bbox 128 311 801 378; baseline -0.006 0"><span class='ocrx_word' id='word_1_1' title='bbox 128 313 170 378; x_wconf 80' lang='lat'>46</span> <span class='ocrx_word' id='word_1_2' title='bbox 485 313 519 374; x_wconf 90' lang='lat' dir='ltr'>S.</span> <span class='ocrx_word' id='word_1_3' title='bbox 535 311 801 376; x_wconf 86' lang='lat' dir='ltr'><strong>HIPPOLYTI</strong></span> 
     </span>
    </p>
   </div>
   <div class='ocr_carea' id='block_1_2' title="bbox 125 481 1228 1232">
    <p class='ocr_par' dir='ltr' id='par_1_2' title="bbox 125 481 1228 1232">
     <span class='ocr_line' id='line_1_2' title="bbox 125 481 1228 591; baseline -0.006 -27"><span class='ocrx_word' id='word_1_4' title='bbox 125 485 198 589; x_wconf 84' lang='grc' dir='ltr'>γὰρ</span> <span class='ocrx_word' id='word_1_5' title='bbox 216 490 264 570; x_wconf 85' lang='grc' dir='ltr'>είς</span> <span class='ocrx_word' id='word_1_6' title='bbox 281 492 419 585; x_wconf 83' lang='grc' dir='ltr'>πνεῦμα</span> <span class='ocrx_word' id='word_1_7' title='bbox 436 482 540 586; x_wconf 81' lang='grc' dir='ltr'>ἅγιον</span> <span class='ocrx_word' id='word_1_8' title='bbox 556 483 805 591; x_wconf 73' lang='grc' dir='ltr'>βλασφημῶν,</span> <span class='ocrx_word' id='word_1_9' title='bbox 830 482 1004 582; x_wconf 82' lang='grc' dir='ltr'>ἕκβλητος</span> <span class='ocrx_word' id='word_1_10' title='bbox 1020 481 1166 584; x_wconf 85' lang='grc' dir='ltr'>γε’νηται</span> <span class='ocrx_word' id='word_1_11' title='bbox 1226 488 1228 499; x_wconf 84' lang='grc'><strong>’</strong></span> 
     </span>
     <span class='ocr_line' id='line_1_3' title="bbox 129 609 1163 717; baseline -0.007 -22"><span class='ocrx_word' id='word_1_12' title='bbox 129 620 203 713; x_wconf 84' lang='lat' dir='ltr'><strong>(cor.</strong></span> <span class='ocrx_word' id='word_1_13' title='bbox 228 614 424 715; x_wconf 77' lang='grc' dir='ltr'>γεγένηται)</span> <span class='ocrx_word' id='word_1_14' title='bbox 454 611 587 717; x_wconf 79' lang='grc' dir='ltr'>κλήρου</span> <span class='ocrx_word' id='word_1_15' title='bbox 615 614 729 714; x_wconf 83' lang='grc' dir='ltr'>ἁγίου.</span> <span class='ocrx_word' id='word_1_16' title='bbox 779 611 896 696; x_wconf 66' lang='lat' dir='ltr'><strong>Oinoe</strong></span> <span class='ocrx_word' id='word_1_17' title='bbox 927 609 1048 713; x_wconf 73' lang='grc' dir='ltr'>ἔλεγεν</span> <span class='ocrx_word' id='word_1_18' title='bbox 1080 611 1163 689; x_wconf 82' lang='grc' dir='ltr'>ἑαυ-</span> 
     </span>
     <span class='ocr_line' id='line_1_4' title="bbox 127 737 1161 846; baseline -0.006 -25"><span class='ocrx_word' id='word_1_19' title='bbox 127 740 191 821; x_wconf 82' lang='grc' dir='ltr'>τόν</span> <span class='ocrx_word' id='word_1_20' title='bbox 214 738 300 822; x_wconf 79' lang='grc' dir='ltr'>εἶναι</span> <span class='ocrx_word' id='word_1_21' title='bbox 325 746 497 840; x_wconf 83' lang='grc' dir='ltr'>Μοῦσῆν,</span> <span class='ocrx_word' id='word_1_22' title='bbox 519 745 576 821; x_wconf 68' lang='grc' dir='ltr'>καὶ</span> <span class='ocrx_word' id='word_1_23' title='bbox 600 740 663 820; x_wconf 83' lang='grc' dir='ltr'>τὸν</span> <span class='ocrx_word' id='word_1_24' title='bbox 687 738 846 846; x_wconf 78' lang='grc' dir='ltr'>ἀδελφόν</span> <span class='ocrx_word' id='word_1_25' title='bbox 871 740 979 817; x_wconf 82' lang='grc' dir='ltr'>αὐτοῦ</span> <span class='ocrx_word' id='word_1_26' title='bbox 1005 737 1161 841; x_wconf 77' lang='grc' dir='ltr'>Ἀαρών.</span> 
     </span>
     <span class='ocr_line' id='line_1_5' title="bbox 126 865 1162 972; baseline -0.005 -22"><span class='ocrx_word' id='word_1_27' title='bbox 126 875 251 950; x_wconf 78' lang='grc' dir='ltr'>Ταῖντα</span> <span class='ocrx_word' id='word_1_28' title='bbox 278 871 493 954; x_wconf 84' lang='grc' dir='ltr'>ἀκούσαντες</span> <span class='ocrx_word' id='word_1_29' title='bbox 520 875 553 949; x_wconf 83' lang='lat' dir='ltr'>oi</span> <span class='ocrx_word' id='word_1_30' title='bbox 585 867 749 972; x_wconf 81' lang='grc' dir='ltr'>μακάριοι</span> <span class='ocrx_word' id='word_1_31' title='bbox 777 865 1013 971; x_wconf 67' lang='grc' dir='ltr'>πρεσβύτεροι</span> <span class='ocrx_word' id='word_1_32' title='bbox 1041 901 1162 970; x_wconf 92' lang='grc' dir='ltr'>προσ-</span> 
     </span>
     <span class='ocr_line' id='line_1_6' title="bbox 125 993 1188 1102; baseline -0.004 -24"><span class='ocrx_word' id='word_1_33' title='bbox 125 997 364 1099; x_wconf 80' lang='grc' dir='ltr'>καλεσάμενοι</span> <span class='ocrx_word' id='word_1_34' title='bbox 385 997 532 1078; x_wconf 70' lang='grc' dir='ltr'>ἐντόπιον</span> <span class='ocrx_word' id='word_1_35' title='bbox 550 1002 613 1098; x_wconf 75' lang='grc' dir='ltr'>τῆς</span> <span class='ocrx_word' id='word_1_36' title='bbox 635 996 829 1097; x_wconf 78' lang='grc' dir='ltr'>ἐκκλησίας</span> <span class='ocrx_word' id='word_1_37' title='bbox 851 993 1029 1102; x_wconf 75' lang='grc' dir='ltr'>ἐξήταζον.</span> <span class='ocrx_word' id='word_1_38' title='bbox 1060 996 1109 1073; x_wconf 90' lang='grc' dir='ltr'>Ὁ</span> <span class='ocrx_word' id='word_1_39' title='bbox 1128 993 1188 1074; x_wconf 72' lang='grc' dir='ltr'>δέὅ</span> 
     </span>
     <span class='ocr_line' id='line_1_7' title="bbox 125 1120 1164 1232; baseline -0.005 -26"><span class='ocrx_word' id='word_1_40' title='bbox 125 1128 276 1230; x_wconf 83' lang='grc' dir='ltr'>ἠρνεῖτο,</span> <span class='ocrx_word' id='word_1_41' title='bbox 298 1128 415 1229; x_wconf 79' lang='grc' dir='ltr'>λέγων</span> <span class='ocrx_word' id='word_1_42' title='bbox 432 1125 496 1210; x_wconf 79' lang='grc' dir='ltr'>τὰς</span> <span class='ocrx_word' id='word_1_43' title='bbox 514 1125 640 1230; x_wconf 83' lang='grc' dir='ltr'>ἀρχὰς,</span> <span class='ocrx_word' id='word_1_44' title='bbox 662 1124 712 1225; x_wconf 80' lang='grc' dir='ltr'>μὴ</span> <span class='ocrx_word' id='word_1_45' title='bbox 732 1131 887 1232; x_wconf 83' lang='grc' dir='ltr'>φρονεῖν.</span> <span class='ocrx_word' id='word_1_46' title='bbox 928 1120 1109 1226; x_wconf 80' lang='grc' dir='ltr'>Ὕστερον</span> <span class='ocrx_word' id='word_1_47' title='bbox 1128 1121 1164 1202; x_wconf 79' lang='grc' dir='ltr'>δὲ</span> 
     </span>
    </p>
   </div>
   <div class='ocr_carea' id='block_1_3' title="bbox 125 1249 1161 1362">
    <p class='ocr_par' dir='ltr' id='par_1_3' title="bbox 125 1249 1161 1362">
     <span class='ocr_line' id='line_1_8' title="bbox 125 1249 1161 1362; baseline -0.003 -29"><span class='ocrx_word' id='word_1_48' title='bbox 125 1253 363 1362; x_wconf 84' lang='grc' dir='ltr'>ἐμφωλειίσας</span> <span class='ocrx_word' id='word_1_49' title='bbox 390 1255 427 1334; x_wconf 79' lang='grc' dir='ltr'>ἕν</span> <span class='ocrx_word' id='word_1_50' title='bbox 453 1289 563 1351; x_wconf 89' lang='grc' dir='ltr'>τισιν,</span> <span class='ocrx_word' id='word_1_51' title='bbox 589 1257 646 1333; x_wconf 80' lang='grc' dir='ltr'>καὶ</span> <span class='ocrx_word' id='word_1_52' title='bbox 673 1249 904 1335; x_wconf 83' lang='grc' dir='ltr'>συσκευόσας</span> <span class='ocrx_word' id='word_1_53' title='bbox 931 1253 1042 1358; x_wconf 76' lang='grc' dir='ltr'>ἑαυτῷ</span> <span class='ocrx_word' id='word_1_54' title='bbox 1070 1286 1161 1330; x_wconf 91' lang='grc' dir='ltr'>συν-</span> 
     </span>
    </p>
   </div>
   <div class='ocr_carea' id='block_1_4' title="bbox 123 1379 1208 3031">
    <p class='ocr_par' dir='ltr' id='par_1_4' title="bbox 123 1379 1208 3031">
     <span class='ocr_line' id='line_1_9' title="bbox 123 1379 1164 1486; baseline -0.004 -24"><span class='ocrx_word' id='word_1_55' title='bbox 123 1384 390 1483; x_wconf 75' lang='grc' dir='ltr'>πλανωμένους,</span> <span class='ocrx_word' id='word_1_56' title='bbox 430 1381 586 1486; x_wconf 85' lang='grc' dir='ltr'>καθαρὸν</span> <span class='ocrx_word' id='word_1_57' title='bbox 625 1384 693 1484; x_wconf 86' lang='lat' dir='ltr'><strong>(for.</strong></span> <span class='ocrx_word' id='word_1_58' title='bbox 727 1385 785 1459; x_wconf 85' lang='grc' dir='ltr'>καὶ</span> <span class='ocrx_word' id='word_1_59' title='bbox 821 1382 975 1486; x_wconf 86' lang='grc' dir='ltr'>θαρῥῶν)</span> <span class='ocrx_word' id='word_1_60' title='bbox 1015 1379 1164 1483; x_wconf 83' lang='grc' dir='ltr'>ὕστερον</span> 
     </span>
     <span class='ocr_line' id='line_1_10' title="bbox 125 1505 1161 1616; baseline -0.005 -26"><span class='ocrx_word' id='word_1_61' title='bbox 125 1516 230 1616; x_wconf 80' lang='grc' dir='ltr'>ῖοτᾷν</span> <span class='ocrx_word' id='word_1_62' title='bbox 248 1510 289 1591; x_wconf 81' lang='grc' dir='ltr'>τὸ</span> <span class='ocrx_word' id='word_1_63' title='bbox 309 1507 425 1612; x_wconf 83' lang='grc' dir='ltr'>δόγμα</span> <span class='ocrx_word' id='word_1_64' title='bbox 443 1509 623 1604; x_wconf 83' lang='grc' dir='ltr'>ἐβούλετο.</span> <span class='ocrx_word' id='word_1_65' title='bbox 666 1506 742 1587; x_wconf 84' lang='grc' dir='ltr'>Ὃν</span> <span class='ocrx_word' id='word_1_66' title='bbox 766 1505 878 1587; x_wconf 80' lang='grc' dir='ltr'>πόλιν</span> <span class='ocrx_word' id='word_1_67' title='bbox 900 1505 1161 1611; x_wconf 85' lang='grc' dir='ltr'>προσκαλεσαί-</span> 
     </span>
     <span class='ocr_line' id='line_1_11' title="bbox 124 1634 1208 1742; baseline -0.003 -25"><span class='ocrx_word' id='word_1_68' title='bbox 124 1673 222 1739; x_wconf 83' lang='grc' dir='ltr'>μενοι</span> <span class='ocrx_word' id='word_1_69' title='bbox 241 1643 273 1717; x_wconf 84' lang='grc' dir='ltr'>οῖ</span> <span class='ocrx_word' id='word_1_70' title='bbox 291 1637 455 1741; x_wconf 80' lang='grc' dir='ltr'>μακάριοι</span> <span class='ocrx_word' id='word_1_71' title='bbox 472 1637 709 1741; x_wconf 81' lang='grc' dir='ltr'>πρεσβύτεροι</span> <span class='ocrx_word' id='word_1_72' title='bbox 728 1635 900 1742; x_wconf 77' lang='grc' dir='ltr'>ἤλεγξαν.</span> <span class='ocrx_word' id='word_1_73' title='bbox 939 1636 986 1713; x_wconf 82' lang='lat' dir='ltr'>‘O</span> <span class='ocrx_word' id='word_1_74' title='bbox 1006 1634 1043 1713; x_wconf 80' lang='grc' dir='ltr'>δὲ</span> <span class='ocrx_word' id='word_1_75' title='bbox 1062 1635 1160 1714; x_wconf 85' lang='grc' dir='ltr'>ἀντί-</span> <span class='ocrx_word' id='word_1_76' title='bbox 1175 1667 1208 1704; x_wconf 91' lang='lat'>10</span> 
     </span>
     <span class='ocr_line' id='line_1_12' title="bbox 125 1762 1164 1870; baseline -0.002 -25"><span class='ocrx_word' id='word_1_77' title='bbox 125 1801 254 1863; x_wconf 87' lang='grc' dir='ltr'>στατο,</span> <span class='ocrx_word' id='word_1_78' title='bbox 290 1765 418 1866; x_wconf 70' lang='grc' dir='ltr'>λέγων·</span> <span class='ocrx_word' id='word_1_79' title='bbox 478 1766 529 1844; x_wconf 88' lang='grc' dir='ltr'>Τί</span> <span class='ocrx_word' id='word_1_80' title='bbox 557 1766 619 1844; x_wconf 77' lang='grc' dir='ltr'>οὖν</span> <span class='ocrx_word' id='word_1_81' title='bbox 651 1764 759 1845; x_wconf 84' lang='grc' dir='ltr'>κακὸν</span> <span class='ocrx_word' id='word_1_82' title='bbox 790 1771 880 1844; x_wconf 85' lang='grc' dir='ltr'>ποιῶ</span> <span class='ocrx_word' id='word_1_83' title='bbox 913 1762 1069 1870; x_wconf 78' lang='grc' dir='ltr'>δοξάζων</span> <span class='ocrx_word' id='word_1_84' title='bbox 1101 1763 1164 1843; x_wconf 83' lang='grc' dir='ltr'>τὸν</span> 
     </span>
     <span class='ocr_line' id='line_1_13' title="bbox 125 1889 1159 1997; baseline -0.002 -24"><span class='ocrx_word' id='word_1_85' title='bbox 125 1890 310 1997; x_wconf 88' lang='grc' dir='ltr'>Χριστόν;</span> <span class='ocrx_word' id='word_1_86' title='bbox 339 1890 429 1997; x_wconf 79' lang='grc' dir='ltr'>πρός</span> <span class='ocrx_word' id='word_1_87' title='bbox 448 1890 489 1972; x_wconf 82' lang='grc' dir='ltr'>όν</span> <span class='ocrx_word' id='word_1_88' title='bbox 516 1894 828 1997; x_wconf 85' lang='grc' dir='ltr'>ἀνταποκρίνονται</span> <span class='ocrx_word' id='word_1_89' title='bbox 855 1897 888 1972; x_wconf 81' lang='grc' dir='ltr'>οὶ</span> <span class='ocrx_word' id='word_1_90' title='bbox 911 1889 1159 1996; x_wconf 80' lang='grc' dir='ltr'>πρεσβύτεροι·</span> 
     </span>
     <span class='ocr_line' id='line_1_14' title="bbox 128 2019 1160 2122; baseline -0.002 -24"><span class='ocrx_word' id='word_1_91' title='bbox 128 2023 200 2099; x_wconf 83' lang='grc' dir='ltr'>Καὶ</span> <span class='ocrx_word' id='word_1_92' title='bbox 221 2021 319 2119; x_wconf 78' lang='grc' dir='ltr'>ἡμεῖς</span> <span class='ocrx_word' id='word_1_93' title='bbox 342 2020 402 2099; x_wconf 80' lang='grc' dir='ltr'>ἕνα</span> <span class='ocrx_word' id='word_1_94' title='bbox 425 2019 520 2099; x_wconf 79' lang='grc' dir='ltr'>Θεὸν</span> <span class='ocrx_word' id='word_1_95' title='bbox 547 2019 689 2120; x_wconf 81' lang='grc' dir='ltr'>οἴδαμεν</span> <span class='ocrx_word' id='word_1_96' title='bbox 712 2023 866 2119; x_wconf 83' lang='grc' dir='ltr'>ἀληθῶς.</span> <span class='ocrx_word' id='word_1_97' title='bbox 899 2019 1041 2118; x_wconf 75' lang='grc' dir='ltr'>οἴδαμεν</span> <span class='ocrx_word' id='word_1_98' title='bbox 1067 2023 1160 2122; x_wconf 86' lang='grc' dir='ltr'>Χρι-</span> 
     </span>
     <span class='ocr_line' id='line_1_15' title="bbox 126 2145 1160 2247; baseline 0 -20"><span class='ocrx_word' id='word_1_99' title='bbox 126 2145 228 2227; x_wconf 87' lang='grc' dir='ltr'>στόν.</span> <span class='ocrx_word' id='word_1_100' title='bbox 250 2147 391 2247; x_wconf 81' lang='grc' dir='ltr'>οἴδαμεν</span> <span class='ocrx_word' id='word_1_101' title='bbox 408 2147 470 2228; x_wconf 83' lang='grc' dir='ltr'>τὸν</span> <span class='ocrx_word' id='word_1_102' title='bbox 489 2149 563 2228; x_wconf 84' lang='grc' dir='ltr'>υίὸν</span> <span class='ocrx_word' id='word_1_103' title='bbox 581 2146 756 2247; x_wconf 82' lang='grc' dir='ltr'>παθόντα,</span> <span class='ocrx_word' id='word_1_104' title='bbox 774 2147 889 2233; x_wconf 79' lang='grc' dir='ltr'>καθὼς</span> <span class='ocrx_word' id='word_1_105' title='bbox 907 2148 1050 2244; x_wconf 73' lang='grc' dir='ltr'>ἔπαθεν,</span> <span class='ocrx_word' id='word_1_106' title='bbox 1068 2151 1160 2227; x_wconf 82' lang='grc' dir='ltr'>ἀπο·</span> 
     </span>
     <span class='ocr_line' id='line_1_16' title="bbox 126 2272 1206 2380; baseline -0.006 -25"><span class='ocrx_word' id='word_1_107' title='bbox 126 2272 279 2355; x_wconf 83' lang='grc' dir='ltr'>θανόντα</span> <span class='ocrx_word' id='word_1_108' title='bbox 306 2274 422 2359; x_wconf 80' lang='grc' dir='ltr'>καθὼς</span> <span class='ocrx_word' id='word_1_109' title='bbox 451 2277 637 2373; x_wconf 74' lang='grc' dir='ltr'>ἀπέθανεν,</span> <span class='ocrx_word' id='word_1_110' title='bbox 667 2279 725 2355; x_wconf 83' lang='grc' dir='ltr'>καὶ</span> <span class='ocrx_word' id='word_1_111' title='bbox 752 2273 957 2355; x_wconf 79' lang='grc' dir='ltr'>ἀναστάντα</span> <span class='ocrx_word' id='word_1_112' title='bbox 985 2280 1030 2380; x_wconf 80' lang='grc' dir='ltr'>τῇ</span> <span class='ocrx_word' id='word_1_113' title='bbox 1062 2275 1186 2380; x_wconf 81' lang='grc' dir='ltr'>τρίτῃι</span> <span class='ocrx_word' id='word_1_114' title='bbox 1191 2304 1206 2366; x_wconf 82' lang='lat'>5</span> 
     </span>
     <span class='ocr_line' id='line_1_17' title="bbox 124 2399 1164 2511; baseline -0.001 -28"><span class='ocrx_word' id='word_1_115' title='bbox 124 2404 252 2511; x_wconf 79' lang='grc' dir='ltr'>ἦμέρᾳ,</span> <span class='ocrx_word' id='word_1_116' title='bbox 274 2405 331 2483; x_wconf 84' lang='grc' dir='ltr'>καὶ</span> <span class='ocrx_word' id='word_1_117' title='bbox 349 2402 435 2483; x_wconf 84' lang='grc' dir='ltr'>ὅντα</span> <span class='ocrx_word' id='word_1_118' title='bbox 459 2406 497 2483; x_wconf 85' lang='grc' dir='ltr'>ε’ν</span> <span class='ocrx_word' id='word_1_119' title='bbox 515 2404 614 2511; x_wconf 80' lang='grc' dir='ltr'>δεξιᾷ</span> <span class='ocrx_word' id='word_1_120' title='bbox 635 2413 698 2486; x_wconf 81' lang='grc' dir='ltr'>τοῦ</span> <span class='ocrx_word' id='word_1_121' title='bbox 717 2401 876 2507; x_wconf 78' lang='grc' dir='ltr'>Πατρός,</span> <span class='ocrx_word' id='word_1_122' title='bbox 898 2406 956 2482; x_wconf 86' lang='grc' dir='ltr'>καὶ</span> <span class='ocrx_word' id='word_1_123' title='bbox 975 2399 1164 2507; x_wconf 85' lang='grc' dir='ltr'>ἐρχόμενον</span> 
     </span>
     <span class='ocr_line' id='line_1_18' title="bbox 125 2525 1160 2636; baseline -0.002 -26"><span class='ocrx_word' id='word_1_124' title='bbox 125 2540 238 2636; x_wconf 90' lang='grc' dir='ltr'>κρῖναι</span> <span class='ocrx_word' id='word_1_125' title='bbox 256 2530 386 2633; x_wconf 79' lang='grc' dir='ltr'>ζῶντας</span> <span class='ocrx_word' id='word_1_126' title='bbox 404 2534 463 2610; x_wconf 87' lang='grc' dir='ltr'>καὶ</span> <span class='ocrx_word' id='word_1_127' title='bbox 481 2530 633 2636; x_wconf 78' lang='grc' dir='ltr'>νεκρούς.</span> <span class='ocrx_word' id='word_1_128' title='bbox 658 2535 715 2611; x_wconf 83' lang='grc' dir='ltr'>καὶ</span> <span class='ocrx_word' id='word_1_129' title='bbox 733 2538 844 2610; x_wconf 76' lang='grc' dir='ltr'>ταῦτα</span> <span class='ocrx_word' id='word_1_130' title='bbox 862 2531 1013 2632; x_wconf 80' lang='grc' dir='ltr'>λε’γομεν</span> <span class='ocrx_word' id='word_1_131' title='bbox 1030 2525 1055 2608; x_wconf 80' lang='grc' dir='ltr'><em>ἃ</em></span> <span class='ocrx_word' id='word_1_132' title='bbox 1073 2528 1160 2628; x_wconf 79' lang='grc' dir='ltr'>ε’μθ-</span> 
     </span>
     <span class='ocr_line' id='line_1_19' title="bbox 124 2656 1160 2767; baseline -0.003 -29"><span class='ocrx_word' id='word_1_133' title='bbox 124 2664 244 2759; x_wconf 88' lang='grc' dir='ltr'>θομεν.</span> <span class='ocrx_word' id='word_1_134' title='bbox 294 2656 385 2739; x_wconf 89' lang='grc' dir='ltr'>Τότε</span> <span class='ocrx_word' id='word_1_135' title='bbox 404 2669 529 2739; x_wconf 80' lang='grc' dir='ltr'>τοῦτον</span> <span class='ocrx_word' id='word_1_136' title='bbox 548 2660 755 2767; x_wconf 77' lang='grc' dir='ltr'>ἐλέγξοντες</span> <span class='ocrx_word' id='word_1_137' title='bbox 773 2658 931 2764; x_wconf 82' lang='grc' dir='ltr'>ε’ξέωσαν</span> <span class='ocrx_word' id='word_1_138' title='bbox 949 2662 1012 2757; x_wconf 76' lang='grc' dir='ltr'>τῆς</span> <span class='ocrx_word' id='word_1_139' title='bbox 1030 2660 1160 2758; x_wconf 87' lang='grc' dir='ltr'>ε’κκλη-</span> 
     </span>
     <span class='ocr_line' id='line_1_20' title="bbox 124 2784 1158 2895; baseline 0 -29"><span class='ocrx_word' id='word_1_140' title='bbox 124 2789 221 2884; x_wconf 89' lang='grc' dir='ltr'>σίας,</span> <span class='ocrx_word' id='word_1_141' title='bbox 244 2784 282 2870; x_wconf 79' lang='grc' dir='ltr'>ῖις</span> <span class='ocrx_word' id='word_1_142' title='bbox 309 2792 357 2868; x_wconf 78' lang='grc' dir='ltr'>εἷς</span> <span class='ocrx_word' id='word_1_143' title='bbox 381 2795 534 2866; x_wconf 85' lang='grc' dir='ltr'>τοσοῦτο</span> <span class='ocrx_word' id='word_1_144' title='bbox 557 2789 728 2895; x_wconf 84' lang='grc' dir='ltr'>φυσίωμα</span> <span class='ocrx_word' id='word_1_145' title='bbox 749 2787 894 2891; x_wconf 74' lang='grc' dir='ltr'>ἠνέχθη,</span> <span class='ocrx_word' id='word_1_146' title='bbox 916 2790 963 2870; x_wconf 87' lang='grc' dir='ltr'>ὡς</span> <span class='ocrx_word' id='word_1_147' title='bbox 985 2789 1158 2866; x_wconf 85' lang='grc' dir='ltr'>διδασκα-</span> 
     </span>
     <span class='ocr_line' id='line_1_21' title="bbox 123 2919 1206 3031; baseline -0.001 -39"><span class='ocrx_word' id='word_1_148' title='bbox 123 2922 221 2995; x_wconf 91' lang='grc' dir='ltr'>λεῖον</span> <span class='ocrx_word' id='word_1_149' title='bbox 238 2919 435 3014; x_wconf 79' lang='grc' dir='ltr'>συστῆσαι.</span> <span class='ocrx_word' id='word_1_150' title='bbox 695 3014 699 3031; x_wconf 87' lang='lat'><strong><em>.</em></strong></span> <span class='ocrx_word' id='word_1_151' title='bbox 1172 2953 1206 2992; x_wconf 86' lang='lat'>20</span> 
     </span>
    </p>
   </div>
   <div class='ocr_carea' id='block_1_5' title="bbox 120 3100 1163 4154">
    <p class='ocr_par' dir='ltr' id='par_1_5' title="bbox 120 3100 1163 4154">
     <span class='ocr_line' id='line_1_22' title="bbox 123 3100 1163 3181; baseline 0.003 -23"><span class='ocrx_word' id='word_1_152' title='bbox 123 3100 309 3175; x_wconf 82' lang='lat' dir='ltr'><strong>blasphemus</strong></span> <span class='ocrx_word' id='word_1_153' title='bbox 322 3111 366 3158; x_wconf 84' lang='lat' dir='ltr'>est</span> <span class='ocrx_word' id='word_1_154' title='bbox 383 3120 417 3158; x_wconf 85' lang='lat' dir='ltr'>ex</span> <span class='ocrx_word' id='word_1_155' title='bbox 431 3101 620 3160; x_wconf 85' lang='lat' dir='ltr'><strong>divinasorte</strong></span> <span class='ocrx_word' id='word_1_156' title='bbox 662 3114 724 3159; x_wconf 92' lang='lat' dir='ltr'>tum</span> <span class='ocrx_word' id='word_1_157' title='bbox 737 3103 869 3161; x_wconf 80' lang='lat' dir='ltr'><strong>honoro?</strong></span> <span class='ocrx_word' id='word_1_158' title='bbox 906 3105 982 3162; x_wconf 89' lang='lat' dir='ltr'>Huic</span> <span class='ocrx_word' id='word_1_159' title='bbox 1001 3105 1163 3181; x_wconf 88' lang='lat' dir='ltr'><strong>presbyteri</strong></span> 
     </span>
     <span class='ocr_line' id='line_1_23' title="bbox 123 3183 1162 3260; baseline 0.003 -21"><span class='ocrx_word' id='word_1_160' title='bbox 123 3186 234 3259; x_wconf 85' lang='lat' dir='ltr'><strong>ejectus</strong></span> <span class='ocrx_word' id='word_1_161' title='bbox 248 3194 301 3240; x_wconf 87' lang='lat' dir='ltr'><strong>est.</strong></span> <span class='ocrx_word' id='word_1_162' title='bbox 330 3183 437 3241; x_wconf 84' lang='lat' dir='ltr'>Aiebat</span> <span class='ocrx_word' id='word_1_163' title='bbox 450 3184 498 3241; x_wconf 92' lang='lat' dir='ltr'>hio</span> <span class='ocrx_word' id='word_1_164' title='bbox 512 3202 543 3241; x_wconf 86' lang='lat' dir='ltr'>se</span> <span class='ocrx_word' id='word_1_165' title='bbox 558 3202 621 3241; x_wconf 89' lang='lat' dir='ltr'><strong>esse</strong></span> <span class='ocrx_word' id='word_1_166' title='bbox 661 3185 892 3260; x_wconf 88' lang='lat' dir='ltr'><strong>responderunt:</strong></span> <span class='ocrx_word' id='word_1_167' title='bbox 926 3187 964 3242; x_wconf 89' lang='lat' dir='ltr'>Et</span> <span class='ocrx_word' id='word_1_168' title='bbox 989 3206 1043 3244; x_wconf 87' lang='lat' dir='ltr'>nos</span> <span class='ocrx_word' id='word_1_169' title='bbox 1070 3206 1162 3243; x_wconf 89' lang='lat' dir='ltr'><strong>unum</strong></span> 
     </span>
     <span class='ocr_line' id='line_1_24' title="bbox 123 3263 1162 3340; baseline 0.002 -19"><span class='ocrx_word' id='word_1_170' title='bbox 123 3263 258 3340; x_wconf 84' lang='lat' dir='ltr'><strong>Moysen,</strong></span> <span class='ocrx_word' id='word_1_171' title='bbox 271 3276 300 3322; x_wconf 91' lang='lat' dir='ltr'>et</span> <span class='ocrx_word' id='word_1_172' title='bbox 318 3263 437 3322; x_wconf 84' lang='lat' dir='ltr'><strong>fratrem</strong></span> <span class='ocrx_word' id='word_1_173' title='bbox 455 3285 541 3322; x_wconf 85' lang='lat' dir='ltr'><strong>suum</strong></span> <span class='ocrx_word' id='word_1_174' title='bbox 557 3285 620 3323; x_wconf 87' lang='lat' dir='ltr'><strong>esse</strong></span> <span class='ocrx_word' id='word_1_175' title='bbox 660 3267 756 3323; x_wconf 91' lang='lat' dir='ltr'><strong>Deum</strong></span> <span class='ocrx_word' id='word_1_176' title='bbox 790 3286 858 3324; x_wconf 88' lang='lat' dir='ltr'><strong>vere</strong></span> <span class='ocrx_word' id='word_1_177' title='bbox 893 3268 1019 3324; x_wconf 87' lang='lat' dir='ltr'><strong>scimus:</strong></span> <span class='ocrx_word' id='word_1_178' title='bbox 1056 3269 1162 3326; x_wconf 85' lang='lat' dir='ltr'><strong>scimus</strong></span> 
     </span>
     <span class='ocr_line' id='line_1_25' title="bbox 122 3347 1161 3424; baseline 0.004 -23"><span class='ocrx_word' id='word_1_179' title='bbox 122 3347 231 3402; x_wconf 83' lang='lat' dir='ltr'><strong>Aaron.</strong></span> <span class='ocrx_word' id='word_1_180' title='bbox 254 3347 325 3403; x_wconf 89' lang='lat' dir='ltr'>Haec</span> <span class='ocrx_word' id='word_1_181' title='bbox 336 3366 403 3404; x_wconf 92' lang='lat' dir='ltr'>oum</span> <span class='ocrx_word' id='word_1_182' title='bbox 415 3347 493 3404; x_wconf 89' lang='lat' dir='ltr'><strong>beati</strong></span> <span class='ocrx_word' id='word_1_183' title='bbox 503 3347 622 3423; x_wconf 88' lang='lat' dir='ltr'><strong>presby·</strong></span> <span class='ocrx_word' id='word_1_184' title='bbox 664 3348 822 3412; x_wconf 87' lang='lat' dir='ltr'>Christum,</span> <span class='ocrx_word' id='word_1_185' title='bbox 845 3348 951 3405; x_wconf 84' lang='lat' dir='ltr'><strong>scimus</strong></span> <span class='ocrx_word' id='word_1_186' title='bbox 971 3349 1076 3406; x_wconf 85' lang='lat' dir='ltr'><strong>Filium</strong></span> <span class='ocrx_word' id='word_1_187' title='bbox 1098 3368 1161 3424; x_wconf 86' lang='lat' dir='ltr'><strong>pas-</strong></span> 
     </span>
     <span class='ocr_line' id='line_1_26' title="bbox 123 3425 1161 3505; baseline 0.003 -22"><span class='ocrx_word' id='word_1_188' title='bbox 123 3425 178 3483; x_wconf 86' lang='lat' dir='ltr'><strong>teri</strong></span> <span class='ocrx_word' id='word_1_189' title='bbox 206 3426 348 3494; x_wconf 83' lang='lat' dir='ltr'><strong>audirent,</strong></span> <span class='ocrx_word' id='word_1_190' title='bbox 373 3429 545 3485; x_wconf 84' lang='lat' dir='ltr'><strong>accersitum</strong></span> <span class='ocrx_word' id='word_1_191' title='bbox 573 3448 621 3486; x_wconf 92' lang='lat' dir='ltr'>co·</span> <span class='ocrx_word' id='word_1_192' title='bbox 663 3447 738 3494; x_wconf 90' lang='lat' dir='ltr'><strong>sum,</strong></span> <span class='ocrx_word' id='word_1_193' title='bbox 758 3429 834 3487; x_wconf 85' lang='lat' dir='ltr'><strong>siout</strong></span> <span class='ocrx_word' id='word_1_194' title='bbox 852 3449 954 3505; x_wconf 86' lang='lat' dir='ltr'><strong>passus</strong></span> <span class='ocrx_word' id='word_1_195' title='bbox 969 3442 1029 3496; x_wconf 89' lang='lat' dir='ltr'><strong>est;</strong></span> <span class='ocrx_word' id='word_1_196' title='bbox 1052 3441 1161 3488; x_wconf 88' lang='lat' dir='ltr'><strong>mortu·</strong></span> 
     </span>
     <span class='ocr_line' id='line_1_27' title="bbox 121 3508 1161 3576; baseline 0.005 -13"><span class='ocrx_word' id='word_1_197' title='bbox 121 3526 185 3563; x_wconf 89' lang='lat' dir='ltr'>ram</span> <span class='ocrx_word' id='word_1_198' title='bbox 219 3508 341 3564; x_wconf 89' lang='lat' dir='ltr'><strong>ecclesia</strong></span> <span class='ocrx_word' id='word_1_199' title='bbox 374 3510 621 3567; x_wconf 87' lang='lat' dir='ltr'><strong>examinaverunt.</strong></span> <span class='ocrx_word' id='word_1_200' title='bbox 663 3531 723 3576; x_wconf 89' lang='lat' dir='ltr'>nm,</span> <span class='ocrx_word' id='word_1_201' title='bbox 739 3510 814 3568; x_wconf 89' lang='lat' dir='ltr'><strong>sicut</strong></span> <span class='ocrx_word' id='word_1_202' title='bbox 827 3523 958 3568; x_wconf 89' lang='lat' dir='ltr'><strong>mortuus</strong></span> <span class='ocrx_word' id='word_1_203' title='bbox 974 3523 1033 3576; x_wconf 85' lang='lat' dir='ltr'><strong>est;</strong></span> <span class='ocrx_word' id='word_1_204' title='bbox 1057 3522 1087 3568; x_wconf 91' lang='lat' dir='ltr'>et</span> <span class='ocrx_word' id='word_1_205' title='bbox 1101 3530 1161 3568; x_wconf 90' lang='lat' dir='ltr'><strong>sus-</strong></span> 
     </span>
     <span class='ocr_line' id='line_1_28' title="bbox 123 3588 1160 3666; baseline 0.005 -22"><span class='ocrx_word' id='word_1_206' title='bbox 123 3588 175 3645; x_wconf 91' lang='lat' dir='ltr'><strong>Ille</strong></span> <span class='ocrx_word' id='word_1_207' title='bbox 189 3606 260 3644; x_wconf 88' lang='lat' dir='ltr'><strong>vero</strong></span> <span class='ocrx_word' id='word_1_208' title='bbox 279 3589 404 3666; x_wconf 85' lang='lat' dir='ltr'><strong>negabat</strong></span> <span class='ocrx_word' id='word_1_209' title='bbox 420 3591 563 3666; x_wconf 85' lang='lat' dir='ltr'><strong>principio</strong></span> <span class='ocrx_word' id='word_1_210' title='bbox 580 3591 621 3648; x_wconf 86' lang='lat' dir='ltr'>sio</span> <span class='ocrx_word' id='word_1_211' title='bbox 663 3592 784 3649; x_wconf 88' lang='lat' dir='ltr'><strong>citatum</strong></span> <span class='ocrx_word' id='word_1_212' title='bbox 798 3593 884 3649; x_wconf 89' lang='lat' dir='ltr'><strong>tertia</strong></span> <span class='ocrx_word' id='word_1_213' title='bbox 898 3593 954 3656; x_wconf 91' lang='lat' dir='ltr'><strong>die,</strong></span> <span class='ocrx_word' id='word_1_214' title='bbox 968 3604 997 3649; x_wconf 91' lang='lat' dir='ltr'>et</span> <span class='ocrx_word' id='word_1_215' title='bbox 1011 3591 1160 3649; x_wconf 88' lang='lat' dir='ltr'><strong>sedentem</strong></span> 
     </span>
     <span class='ocr_line' id='line_1_29' title="bbox 123 3669 1161 3749; baseline 0.004 -23"><span class='ocrx_word' id='word_1_216' title='bbox 123 3688 158 3726; x_wconf 91' lang='lat' dir='ltr'>ea</span> <span class='ocrx_word' id='word_1_217' title='bbox 169 3669 287 3726; x_wconf 85' lang='lat' dir='ltr'><strong>sentire.</strong></span> <span class='ocrx_word' id='word_1_218' title='bbox 311 3670 415 3727; x_wconf 86' lang='lat' dir='ltr'><strong>Postea</strong></span> <span class='ocrx_word' id='word_1_219' title='bbox 426 3690 497 3728; x_wconf 89' lang='lat' dir='ltr'><strong>vero</strong></span> <span class='ocrx_word' id='word_1_220' title='bbox 511 3672 542 3728; x_wconf 93' lang='lat' dir='ltr'>in</span> <span class='ocrx_word' id='word_1_221' title='bbox 557 3673 620 3749; x_wconf 91' lang='lat' dir='ltr'><strong>qui·</strong></span> <span class='ocrx_word' id='word_1_222' title='bbox 662 3674 697 3731; x_wconf 84' lang='lat' dir='ltr'>ad</span> <span class='ocrx_word' id='word_1_223' title='bbox 712 3674 860 3731; x_wconf 85' lang='lat' dir='ltr'><strong>dexteram</strong></span> <span class='ocrx_word' id='word_1_224' title='bbox 874 3674 975 3738; x_wconf 86' lang='lat' dir='ltr'><strong>Patris,</strong></span> <span class='ocrx_word' id='word_1_225' title='bbox 990 3684 1161 3730; x_wconf 85' lang='lat' dir='ltr'><strong>venturum-</strong></span> 
     </span>
     <span class='ocr_line' id='line_1_30' title="bbox 122 3749 1163 3831; baseline 0.005 -24"><span class='ocrx_word' id='word_1_226' title='bbox 122 3749 244 3808; x_wconf 89' lang='lat' dir='ltr'><strong>busdam</strong></span> <span class='ocrx_word' id='word_1_227' title='bbox 256 3750 439 3818; x_wconf 85' lang='lat' dir='ltr'><strong>delitescens,</strong></span> <span class='ocrx_word' id='word_1_228' title='bbox 452 3764 482 3810; x_wconf 90' lang='lat' dir='ltr'>et</span> <span class='ocrx_word' id='word_1_229' title='bbox 493 3753 622 3811; x_wconf 85' lang='lat' dir='ltr'><strong>collectis</strong></span> <span class='ocrx_word' id='word_1_230' title='bbox 662 3775 718 3831; x_wconf 91' lang='lat' dir='ltr'>que</span> <span class='ocrx_word' id='word_1_231' title='bbox 746 3755 783 3812; x_wconf 89' lang='lat' dir='ltr'>ad</span> <span class='ocrx_word' id='word_1_232' title='bbox 805 3754 996 3831; x_wconf 84' lang='lat' dir='ltr'><strong>judicandum</strong></span> <span class='ocrx_word' id='word_1_233' title='bbox 1024 3755 1106 3812; x_wconf 88' lang='lat' dir='ltr'><strong>vivos</strong></span> <span class='ocrx_word' id='word_1_234' title='bbox 1133 3766 1163 3812; x_wconf 89' lang='lat' dir='ltr'>ot</span> 
     </span>
     <span class='ocr_line' id='line_1_31' title="bbox 121 3832 1160 3911; baseline 0.003 -22"><span class='ocrx_word' id='word_1_235' title='bbox 121 3832 185 3889; x_wconf 87' lang='lat' dir='ltr'><strong>aliis</strong></span> <span class='ocrx_word' id='word_1_236' title='bbox 199 3832 248 3905; x_wconf 92' lang='lat' dir='ltr'>qui</span> <span class='ocrx_word' id='word_1_237' title='bbox 262 3832 292 3887; x_wconf 93' lang='lat' dir='ltr'>in</span> <span class='ocrx_word' id='word_1_238' title='bbox 307 3832 410 3889; x_wconf 90' lang='lat' dir='ltr'><strong>eodem</strong></span> <span class='ocrx_word' id='word_1_239' title='bbox 420 3851 516 3890; x_wconf 87' lang='lat' dir='ltr'><strong>errore</strong></span> <span class='ocrx_word' id='word_1_240' title='bbox 529 3847 620 3901; x_wconf 88' lang='lat' dir='ltr'><strong>erant,</strong></span> <span class='ocrx_word' id='word_1_241' title='bbox 662 3848 801 3893; x_wconf 85' lang='lat' dir='ltr'><strong>mortuos.</strong></span> <span class='ocrx_word' id='word_1_242' title='bbox 837 3836 935 3911; x_wconf 88' lang='lat' dir='ltr'><strong>Atque</strong></span> <span class='ocrx_word' id='word_1_243' title='bbox 951 3836 1013 3892; x_wconf 90' lang='lat' dir='ltr'>haec</span> <span class='ocrx_word' id='word_1_244' title='bbox 1028 3836 1160 3901; x_wconf 88' lang='lat' dir='ltr'><strong>dicimus,</strong></span> 
     </span>
     <span class='ocr_line' id='line_1_32' title="bbox 120 3912 1162 3991; baseline 0.002 -20"><span class='ocrx_word' id='word_1_245' title='bbox 120 3912 238 3971; x_wconf 85' lang='lat' dir='ltr'><strong>volebat</strong></span> <span class='ocrx_word' id='word_1_246' title='bbox 249 3924 348 3988; x_wconf 87' lang='lat' dir='ltr'><strong>aperte</strong></span> <span class='ocrx_word' id='word_1_247' title='bbox 359 3913 464 3991; x_wconf 83' lang='lat' dir='ltr'><strong>dogma</strong></span> <span class='ocrx_word' id='word_1_248' title='bbox 474 3934 559 3971; x_wconf 85' lang='lat' dir='ltr'><strong>suum</strong></span> <span class='ocrx_word' id='word_1_249' title='bbox 570 3915 620 3972; x_wconf 89' lang='lat' dir='ltr'>de·</span> <span class='ocrx_word' id='word_1_250' title='bbox 662 3936 725 3991; x_wconf 88' lang='lat' dir='ltr'>quae</span> <span class='ocrx_word' id='word_1_251' title='bbox 753 3917 914 3974; x_wconf 72' lang='lat' dir='ltr'><strong>didicimus</strong></span> <span class='ocrx_word' id='word_1_252' title='bbox 956 3917 1039 3973; x_wconf 86' lang='lat' dir='ltr'><strong>Tunc</strong></span> <span class='ocrx_word' id='word_1_253' title='bbox 1073 3918 1162 3974; x_wconf 86' lang='lat' dir='ltr'><strong>istum</strong></span> 
     </span>
     <span class='ocr_line' id='line_1_33' title="bbox 121 3993 1160 4075; baseline 0.004 -25"><span class='ocrx_word' id='word_1_254' title='bbox 121 3993 249 4052; x_wconf 85' lang='lat' dir='ltr'><strong>fondere.</strong></span> <span class='ocrx_word' id='word_1_255' title='bbox 278 3994 374 4063; x_wconf 88' lang='lat' dir='ltr'><strong>Quem</strong></span> <span class='ocrx_word' id='word_1_256' title='bbox 388 4013 485 4052; x_wconf 89' lang='lat' dir='ltr'><strong>rursus</strong></span> <span class='ocrx_word' id='word_1_257' title='bbox 499 3997 619 4052; x_wconf 86' lang='lat' dir='ltr'><strong>accersi·</strong></span> <span class='ocrx_word' id='word_1_258' title='bbox 661 3999 826 4055; x_wconf 86' lang='lat' dir='ltr'><strong>convictum</strong></span> <span class='ocrx_word' id='word_1_259' title='bbox 846 4003 996 4075; x_wconf 88' lang='lat' dir='ltr'><strong>ejecerunt</strong></span> <span class='ocrx_word' id='word_1_260' title='bbox 1015 4017 1049 4055; x_wconf 85' lang='lat' dir='ltr'>ex</span> <span class='ocrx_word' id='word_1_261' title='bbox 1067 3998 1160 4056; x_wconf 86' lang='lat' dir='ltr'><strong>eccle-</strong></span> 
     </span>
     <span class='ocr_line' id='line_1_34' title="bbox 120 4075 1161 4154; baseline 0.004 -23"><span class='ocrx_word' id='word_1_262' title='bbox 120 4086 183 4132; x_wconf 91' lang='lat' dir='ltr'>tum</span> <span class='ocrx_word' id='word_1_263' title='bbox 209 4075 370 4151; x_wconf 85' lang='lat' dir='ltr'><strong>presbyteri</strong></span> <span class='ocrx_word' id='word_1_264' title='bbox 400 4076 618 4153; x_wconf 84' lang='lat' dir='ltr'><strong>redarguenmt.</strong></span> <span class='ocrx_word' id='word_1_265' title='bbox 661 4079 702 4134; x_wconf 91' lang='lat' dir='ltr'>sia</span> <span class='ocrx_word' id='word_1_266' title='bbox 723 4079 772 4154; x_wconf 91' lang='lat' dir='ltr'>qui</span> <span class='ocrx_word' id='word_1_267' title='bbox 794 4098 828 4137; x_wconf 91' lang='lat' dir='ltr'>eo</span> <span class='ocrx_word' id='word_1_268' title='bbox 846 4079 1005 4137; x_wconf 91' lang='lat' dir='ltr'><strong>inflationis</strong></span> <span class='ocrx_word' id='word_1_269' title='bbox 1023 4080 1113 4146; x_wconf 90' lang='lat' dir='ltr'><strong>venit,</strong></span> <span class='ocrx_word' id='word_1_270' title='bbox 1128 4089 1161 4135; x_wconf 92' lang='lat' dir='ltr'>ut</span> 
     </span>
    </p>
   </div>
   <div class='ocr_carea' id='block_1_6' title="bbox 121 4155 954 4315">
    <p class='ocr_par' dir='ltr' id='par_1_6' title="bbox 121 4155 954 4315">
     <span class='ocr_line' id='line_1_35' title="bbox 121 4155 954 4232; baseline 0.008 -20"><span class='ocrx_word' id='word_1_271' title='bbox 121 4155 173 4212; x_wconf 91' lang='lat' dir='ltr'><strong>Ille</strong></span> <span class='ocrx_word' id='word_1_272' title='bbox 193 4175 263 4213; x_wconf 88' lang='lat' dir='ltr'><strong>vero</strong></span> <span class='ocrx_word' id='word_1_273' title='bbox 283 4156 445 4222; x_wconf 82' lang='lat' dir='ltr'><strong>resistebat,</strong></span> <span class='ocrx_word' id='word_1_274' title='bbox 465 4158 618 4232; x_wconf 86' lang='lat' dir='ltr'><strong>inquiens:</strong></span> <span class='ocrx_word' id='word_1_275' title='bbox 660 4160 764 4217; x_wconf 90' lang='lat' dir='ltr'><strong>docere</strong></span> <span class='ocrx_word' id='word_1_276' title='bbox 778 4160 954 4219; x_wconf 85' lang='lat' dir='ltr'><strong>institueret.</strong></span> 
     </span>
     <span class='ocr_line' id='line_1_36' title="bbox 121 4236 619 4315; baseline 0.01 -23"><span class='ocrx_word' id='word_1_277' title='bbox 121 4236 198 4304; x_wconf 87' lang='lat' dir='ltr'><strong>Quid</strong></span> <span class='ocrx_word' id='word_1_278' title='bbox 211 4237 299 4315; x_wconf 88' lang='lat' dir='ltr'><strong>igitur</strong></span> <span class='ocrx_word' id='word_1_279' title='bbox 312 4239 381 4295; x_wconf 89' lang='lat' dir='ltr'><strong>mali</strong></span> <span class='ocrx_word' id='word_1_280' title='bbox 394 4238 468 4296; x_wconf 83' lang='lat' dir='ltr'><strong>facio</strong></span> <span class='ocrx_word' id='word_1_281' title='bbox 482 4239 507 4295; x_wconf 88' lang='lat' dir='ltr'>si</span> <span class='ocrx_word' id='word_1_282' title='bbox 522 4239 619 4297; x_wconf 78' lang='lat' dir='ltr'><strong>Chris·</strong></span> 
     </span>
    </p>
   </div>
   <div class='ocr_carea' id='block_1_7' title="bbox 0 0 1344 4830">
    <p class='ocr_par' dir='ltr' id='par_1_7' title="bbox 0 0 1344 4830">
     <span class='ocr_line' id='line_1_37' title="bbox 0 0 1344 4830; baseline 0 2"><span class='ocrx_word' id='word_1_283' title='bbox 0 0 1344 4830; x_wconf 95' lang='lat' dir='ltr'> </span> 
     </span>
    </p>
   </div>
  </div>
 </body>
</html>
