2678 4830
67 312 134 376 288
449 311 482 375 S.
499 310 736 376 CYPRIANI

67 480 195 554 mundi
224 479 344 555 denuo
375 482 495 555 lucem
529 481 729 556 redivivum
760 507 889 583 corpus
922 484 1128 561 animatur.

64 599 224 672 Tantum
265 612 463 699 potuerunt
504 599 755 673 misericordiae
794 600 932 692 merita,
970 614 1126 678 tanturn

65 741 172 815 opera
182 720 282 812 justa
301 716 499 790 valuerunt.
538 717 629 799 Quae
646 717 892 792 laborantibus
911 718 1032 793 viduis
1050 721 1128 795 lar-

64 831 139 930 gita
162 833 279 906 fuerat
304 832 464 906 subsidia
481 832 634 924 vivendi,
652 835 785 908 meruit
807 834 852 908 ad
875 835 987 909 vitam
1011 836 1124 911 vidu-

64 973 165 1021 arum
185 950 359 1049 petitione
377 950 543 1024 revocari.
957 957 961 963 '
1131 977 1150 1039 5

113 1064 243 1164 Itaque
261 1067 298 1140 in
317 1067 502 1165 cvangelio
520 1066 715 1156 Dominus,
728 1065 854 1140 doctor
869 1067 952 1141 vitae
969 1080 1119 1159 nostrae,

62 1195 100 1255 et
132 1183 302 1282 magister
331 1183 454 1257 salutis
484 1196 636 1272 aeternae,
665 1183 851 1257 vivificans
885 1183 1117 1259 credentium

62 1300 252 1399 populum,
269 1313 305 1372 et
322 1300 510 1375 vivificatis
534 1300 725 1373 consulens
752 1298 790 1371 in
813 1312 1000 1390 aeternum,
1018 1302 1117 1376 inter

62 1441 127 1489 sua
149 1416 320 1490 mandata
343 1415 465 1490 divina
486 1430 523 1490 et
547 1429 727 1517 praecepta
745 1416 907 1490 coelestia
924 1417 1015 1490 nihil
1035 1444 1114 1491 cre-

60 1531 159 1605 brius
172 1532 323 1606 mandat
333 1546 370 1606 et
383 1533 543 1634 praecipit
555 1560 665 1631 quam
678 1546 719 1607 ut
732 1533 940 1608 insistamus
954 1533 1113 1607 cleemo-
1127 1563 1166 1603 ιο

61 1648 159 1747 synis
177 1648 316 1739 dandis,
331 1677 398 1722 nee
415 1649 561 1723 terrenis
579 1650 864 1748 possessionibus
883 1651 1111 1743 incubemus,

5 1819 12 1834 .
61 1762 123 1836 sed
141 1765 301 1838 coelestes
319 1767 503 1839 thesauros
522 1766 642 1864 potius
660 1766 907 1841 recondamus.
942 1765 985 1840 V
978 1767 1110 1856 endite,

60 1879 190 1977 inquit,
202 1907 262 1954 res
278 1891 429 1971 uestras,
443 1892 479 1954 et
497 1883 582 1955 date
600 1882 871 1984 eleemosynam.
896 1883 947 1957 Et
965 1884 1109 1974 iterum,
1216 1902 1219 1907 ’

2 2011 17 2061 i·
60 1996 189 2072 Nolite
214 1999 312 2073 vobis
337 1999 491 2073 condere
516 1999 706 2074 thesauros
732 2027 843 2098 super
870 2011 1021 2092 terram,
1046 2002 1110 2076 ubi

59 2115 159 2189 tinea
185 2127 221 2190 et
246 2125 450 2190 comestura
476 2118 705 2207 exterminat,
734 2128 769 2191 et
797 2118 860 2191 ubi
873 2115 992 2218 sures
1019 2117 1108 2220 ffr-
1121 2146 1157 2208 15

59 2232 165 2306 diunt
191 2243 226 2306 et
236 2230 438 2333 furantur.
477 2233 740 2308 Tlesaurizate
766 2244 888 2308 autem
910 2235 1010 2308 uobis
1032 2235 1110 2309 tne-

57 2375 186 2424 sauros
211 2351 250 2423 in
279 2350 378 2436 coelo,
404 2351 467 2425 ubi
496 2377 612 2450 neque
637 2353 736 2425 tinea
762 2376 877 2451 neque
904 2362 1109 2428 comestura

60 2468 287 2554 exterminat,
300 2478 335 2541 et
353 2466 535 2569 ubifures
550 2493 622 2540 non
641 2465 818 2568 effirdiunt
834 2464 1108 2569 necfurantur.

66 2582 137 2657 Ubi
163 2584 258 2658 enim
274 2583 405 2685 fuerit
436 2584 631 2658 thesaurus
658 2595 754 2674 tuus,
781 2584 859 2660 illic
884 2586 956 2660 erit
981 2596 1018 2660 et
1045 2613 1110 2662 cor

57 2709 170 2775 tuum.
223 2700 273 2774 Et
299 2728 384 2775 curn
410 2703 596 2775 observata
621 2701 700 2801 lege
726 2702 927 2800 perfectum
956 2715 993 2776 et
1019 2729 1159 2776 con-20

2 2832 30 2879 ²2
57 2831 280 2892 summatum
298 2819 408 2892 vellet
422 2817 621 2908 ostendere,
636 2817 679 2892 Si
694 2819 760 2907 uis,
775 2819 903 2917 inquit,
913 2817 1108 2920 perfectus

58 2960 145 3024 esse,
161 2935 255 3008 vade
279 2945 315 3008 et
334 2934 449 3008 vende
467 2934 587 3007 omnia
608 2944 686 3022 tua,
706 2945 741 3008 et
764 2936 811 3008 da
834 2935 968 3034 egenis,
987 2946 1022 3009 et
1039 2937 1107 3010 lra-

58 3051 155 3126 bedis
171 3051 384 3125 thesaurum
400 3051 439 3123 in
457 3049 556 3136 caelo,
576 3060 611 3123 et
626 3052 720 3142 ueni,
736 3077 887 3152 sequere
901 3077 968 3148 me.
1006 3052 1104 3126 Item

57 3169 126 3243 alio
149 3169 229 3243 loco
252 3167 512 3268 negotiatorem
536 3167 693 3242 coelestis
717 3169 840 3268 gratiae
857 3181 895 3242 et
917 3194 1107 3269 compara-

55 3297 172 3360 torem
195 3285 318 3361 salutis
341 3297 495 3377 aeternae,
513 3284 689 3360 distractis
707 3285 876 3359 omnibus
893 3287 999 3358 rebus
1017 3286 1104 3377 suis,
1116 3319 1155 3381 25

55 3403 250 3501 pretiosam
291 3405 533 3502 margaritam,
573 3401 644 3475 hoc
682 3413 747 3491 est,
781 3401 890 3474 vitam
931 3413 1103 3476 aeternam

55 3517 192 3591 Christi
218 3546 343 3592 cruore
368 3520 574 3620 pretiosam,
597 3518 642 3591 de
668 3518 869 3617 quantitate
894 3517 1104 3617 patrimonii

3 3655 29 3705 a.
56 3634 111 3707 sui
129 3633 219 3707 dicit
234 3633 363 3707 debere
381 3636 543 3709 mercari.
571 3634 700 3709 Simile
719 3645 783 3725 est,
801 3634 931 3733 inquit,
947 3659 1103 3734 reguum

55 3751 228 3827 calorum
245 3750 381 3824 homini
397 3751 620 3852 negotiatori
635 3752 813 3851 querenti
830 3752 941 3825 bonas
952 3775 1103 3850 marga-

53 3870 161 3944 ritas.
209 3867 282 3942 Ubi
307 3878 429 3943 autem
455 3869 593 3944 inuenit
616 3869 816 3966 pretiosam
844 3868 1153 3967 margaritam,30

55 3988 159 4078 abiit,
176 3997 212 4061 et
232 3987 393 4061 uendidit
418 3988 537 4061 omnia
562 4013 639 4086 qua
664 3985 801 4070 tabuit,
821 3994 857 4059 et
882 3985 970 4059 emit
986 3984 1102 4060 illam.

52 4105 127 4180 Eos
144 4105 301 4204 denique
318 4103 527 4194 etAbrahae
545 4102 639 4177 filios
656 4101 745 4177 dicit
761 4128 851 4201 quos
873 4102 910 4174 in
929 4099 1100 4199 juvandis

54 4221 262 4320 alendisque
283 4220 501 4321 pauperibus
523 4220 702 4322 operarios
719 4217 844 4294 cernit.
896 4217 996 4292 Nam
1014 4243 1098 4292 cum
