2678 4830
162 359 226 424 116
515 355 855 420 TERTULLIANI

162 530 298 628 spiritu
316 540 351 603 et
367 529 533 602 veritate.
561 529 666 601 Deus
684 530 777 601 enim
797 528 958 626 Spiritus
976 538 1052 601 est:
1072 541 1109 601 et
1127 527 1213 602 ado·

163 660 296 721 ratores
314 647 436 742 itaque
454 645 542 719 tales
560 645 719 742 requirit.
754 645 833 718 Nos
852 671 977 718 sumus
995 645 1066 716 veri
1087 644 1212 719 adora-

164 778 271 853 tores,
293 775 329 836 et
355 762 426 835 veri
453 762 664 850 sacerdotes,
682 763 744 859 qui
769 761 896 860 spiritu
917 774 1058 834 orantes
1084 761 1211 862 spiritu

164 877 443 952 sacrificaremus
478 874 575 978 (for.
607 877 863 974 sacrificamus)
900 877 1097 950 orationem
1137 876 1211 950 Dei

163 994 344 1094 propriam
368 1007 405 1066 et
430 994 700 1094 acceptabilem,
721 1019 829 1091 quam
858 993 993 1066 scilicet
1015 993 1211 1091 requisivit,
1222 1021 1238 1082 5

163 1135 272 1207 quam
292 1110 359 1183 sibi
377 1111 574 1210 prospexit.
623 1111 733 1183 Hanc
750 1110 795 1182 de
814 1122 891 1183 toto
909 1108 1016 1183 corde
1032 1110 1211 1199 devotam,

162 1225 235 1299 fide
257 1239 410 1325 pastam,
427 1226 576 1300 veritate
599 1238 772 1315 curatam,
795 1225 999 1298 innocentia
1022 1224 1211 1324 integram,

162 1343 355 1417 castititate
380 1343 568 1431 mundam,
591 1369 704 1442 agape
727 1355 946 1431 coronatam,
967 1366 1050 1414 cum
1076 1367 1212 1440 pompa

161 1487 312 1560 operum
338 1461 515 1533 bonorum
543 1459 636 1533 inter
661 1460 819 1558 psalmos
847 1472 883 1532 et
914 1458 1071 1557 hymnos
1097 1457 1211 1530 dedu-

163 1602 242 1650 cere
260 1575 302 1649 ad
322 1576 394 1649 Dei
413 1577 522 1649 altare
539 1575 726 1663 debemus,
742 1575 864 1648 omnia
881 1574 986 1647 nobis
1004 1601 1024 1646 a
1041 1573 1125 1646 Deo
1142 1575 1210 1645 im·
1226 1606 1261 1645 ro

162 1703 394 1791 patraturam.
917 1710 920 1714 “

6 1840 90 1890 cup
129 1847 147 1888 t,
215 1807 313 1891 Quid
339 1806 436 1880 enim
463 1806 614 1879 orationi
645 1806 690 1879 de
718 1807 845 1905 spiritu
871 1824 907 1880 et
936 1808 1085 1882 veritate
1112 1808 1210 1881 veni-

0 1906 156 2084 'gqu'iffl
164 1923 239 1999 enti
264 1924 410 2023 negavit
436 1922 533 2025 (for.
556 1922 716 2022 negabit)
740 1922 854 2014 Deus,
878 1924 940 2021 qui
967 1951 1046 1997 eam
1074 1925 1210 2023 exigit?

163 2040 351 2139 Legimus,
378 2053 414 2113 et
443 2039 621 2126 audimus,
650 2053 687 2113 et
713 2040 904 2129 credimus,
934 2055 1070 2137 quanta
1098 2041 1209 2115 docu-

164 2170 287 2230 menta
313 2155 536 2231 efficaciae
505 2183 595 2253 ejus.
637 2157 752 2230 Vetus
780 2157 928 2256 quidem
958 2158 1071 2230 oratio
1098 2172 1135 2232 et
1164 2161 1257 2245 ab15

163 2273 320 2375 ignibus,
343 2286 380 2346 et
405 2301 426 2346 a
449 2272 583 2362 bestiis,
606 2287 643 2346 et
668 2276 714 2347 ab
741 2273 859 2347 inedia
885 2275 1070 2364 liberabat,
1096 2289 1132 2347 et
1158 2289 1210 2349 ta-

162 2414 248 2464 men
279 2418 351 2463 nou
383 2418 404 2464 a
432 2390 579 2464 Christo
609 2403 796 2489 acceperat
820 2390 986 2464 formam.
1038 2392 1208 2465 Ceterum

162 2522 299 2606 quanto
317 2509 472 2608 amplius
490 2509 603 2582 oratio
621 2508 922 2593 Christianorum,
940 2535 1013 2581 non
1037 2508 1123 2580 roris
1146 2535 1209 2580 an-

162 2624 286 2720 gelum
309 2625 345 2697 in
371 2625 498 2698 mediis
517 2625 660 2724 ignibus
680 2625 784 2715 sistit,
801 2651 868 2698 nec
885 2651 947 2698 ora
964 2624 1127 2698 leonibus
1145 2627 1210 2697 ob·

162 2741 279 2830 struit,
295 2768 363 2814 nec
384 2742 623 2815 esurientibus
648 2741 860 2815 rusticorum
884 2740 1075 2839 prandium
1095 2754 1257 2814 trans-20

161 2857 230 2930 fert
248 2856 332 2948 (Bel
347 2869 383 2929 et
396 2857 530 2948 Draco,
541 2860 702 2952 33.34.),
717 2857 858 2931 nullum
874 2884 1018 2931 sensum
1032 2858 1207 2958 passionis

161 2972 326 3071 delegata
349 2973 463 3071 gratia
486 2975 633 3058 avertit3
660 2974 722 3046 sed
744 2974 931 3075 patientes,
948 2987 984 3047 ct
1002 2975 1208 3062 sentientes,

162 3103 199 3164 et
221 3090 383 3164 dolentes
409 3090 614 3163 sufferentia
636 3091 791 3180 instruit,
807 3091 939 3165 virtute
961 3092 1111 3190 ampliat
1131 3118 1209 3190 gra-

162 3207 265 3297 tiam,
281 3219 323 3280 ut
346 3206 436 3281 sciat
453 3205 541 3280 fides
560 3206 645 3305 quid
665 3234 686 3279 a
708 3206 871 3280 Domino
889 3221 1138 3305 consequatur,
1155 3208 1209 3280 in-

162 3325 327 3424 telligens
359 3324 447 3422 quid
477 3352 542 3424 pro
570 3324 643 3398 Dei
672 3324 819 3397 nomine
850 3325 1019 3423 patiatur.
1070 3324 1141 3397 Sed
1172 3336 1253 3406 et25

36 3503 40 3509 .
162 3455 256 3515 retro
274 3442 386 3514 oratio
409 3442 535 3540 plagas
558 3442 748 3540 irrogabat,
765 3440 939 3514 fimdebat
962 3440 1119 3514 hostium
1145 3468 1209 3514 ex-

163 3556 306 3646 ercitus,
322 3557 494 3630 imbrium
513 3557 616 3630 utilia
632 3558 857 3656 prohibebat.
902 3557 1015 3631 Nunc
1030 3584 1114 3631 vero
1131 3584 1209 3630 ora-

162 3670 214 3745 tio
234 3671 386 3768 justitiae
412 3698 557 3744 omnem
585 3672 676 3745 iram
701 3673 773 3746 Dei
799 3675 936 3761 avertit,
957 3702 1023 3774 pro
1049 3674 1207 3748 inimicis

162 3789 329 3877 excubat,
353 3815 417 3886 pro
443 3788 739 3887 persequentibus
768 3789 956 3887 supplicat.
1009 3791 1147 3864 Mirum
1178 3792 1207 3864 si

162 3931 271 4004 aquas
289 3905 453 3977 coelestes
471 3917 683 4003 extorquere
700 3905 812 3994 novit,
825 3932 905 4001 quae
919 3908 1039 4004 potuit
1052 3920 1089 3980 et
1106 3908 1206 4006 ignes
1217 3933 1256 3989 30

161 4019 376 4122 impetrare?
407 4019 491 4092 Sola
507 4035 562 4095 est
579 4022 704 4114 orati0,
720 4047 802 4120 quae
818 4020 942 4094 Deum
962 4023 1083 4097 vincit.
1133 4024 1208 4096 Sed

161 4137 326 4211 Christus
347 4164 428 4210 eam
451 4136 541 4210 nihil
566 4138 650 4210 mali
677 4139 778 4213 novit
796 4135 895 4238 (for.
909 4140 1037 4238 voluit)
1056 4140 1206 4239 operari.

162 4251 320 4326 Omnem
341 4253 391 4327 illi
408 4253 577 4328 virtutem
597 4255 642 4328 de
660 4257 755 4328 bono
773 4254 937 4327 contulit.
968 4254 1097 4353 Itaque
1115 4254 1205 4328 nihil
