2678 4830
16 316 19 321 '
120 307 163 370 50
482 301 515 364 S.
531 299 798 363 HIPPOLYTI

177 473 222 554 δ’.
246 472 412 574 Ἴδωμεν,
434 475 482 556 ὡς
507 469 619 571 εἷπον,
646 472 711 572 τὴν
733 472 839 550 αι’ποῦ
856 469 1075 574 ἀνατροπὴν,
1096 467 1157 550 εἶθ

123 605 234 687 οὕτως
246 601 311 703 τὴν
325 599 494 701 ἀλήθειαν
512 596 766 702 διηγησόμεθα.
797 600 916 698 Φησὶν
933 596 1017 702 γάρ·
1050 600 1157 678 'Exo-

123 733 253 812 πίασεν
271 730 467 833 Αἴγυπτος,
492 732 549 808 καὶ
571 724 720 832 ἐμπόρια
738 723 933 824 Αἰθιόπων,
954 729 1012 806 καὶ
1035 732 1068 807 oi
1082 733 1158 806 Σα-

122 862 244 959 βαεὶμ,
267 859 324 937 καὶ
348 856 394 937 τὰ
416 855 541 954 λοιπὰ,
562 857 620 936 ἵνα
642 856 736 962 εἴπῃ,
761 852 810 934 σὺ
837 853 908 958 γὰρ
933 856 953 934 ὁ
978 853 1072 940 Θεὸς
1097 865 1160 935 τοῦ

122 985 275 1092 Ἰσραὴλ
303 984 442 1090 Σωτήρ·
478 986 520 1064 οὐ
547 991 637 1065 νοῶν
664 984 705 1063 τὸ
732 982 993 1088 προειρημένον.
1026 980 1182 1071 ὃπόταν5

122 1116 194 1221 γὰρ
208 1113 415 1216 θελήσωσιν
428 1118 715 1218 πανουργεῖσθαι,
729 1107 982 1215 περικόπτουσι
994 1110 1059 1196 τὰς
1072 1146 1160 1215 γρα-

123 1242 208 1352 φάς.
257 1240 493 1347 Ὁλοκλήρως
511 1240 548 1321 δὲ
566 1239 710 1338 εἰπάτω,
732 1241 789 1319 καὶ
807 1236 946 1342 εὑρήσει
962 1238 1029 1338 τὴν
1047 1242 1160 1320 αἰτίαν

121 1372 212 1478 πρὸς
229 1373 308 1452 τίνα
325 1371 480 1473 λέγεται.
529 1370 713 1473 Ἀνωτέρω
737 1366 807 1472 γὰρ
832 1365 957 1471 μικρὸν
979 1365 1073 1472 ἀρχὴ
1097 1378 1159 1449 τοῦ

123 1502 319 1609 κεφαλαίου
337 1498 517 1604 τυγχάνει,
539 1497 620 1578 ὅθεν
639 1501 693 1575 δεῖ
706 1494 905 1602 ἀρξάμενον
923 1495 1049 1601 δεῖξαι,
1070 1496 1159 1601 πρὸς

122 1631 201 1710 τίνα
218 1626 316 1730 λέγει
334 1630 391 1706 καὶ
408 1630 489 1731 περὶ
506 1627 612 1709 τίνος.
637 1625 769 1704 ἄνωθεν
786 1621 857 1727 γὰρ
874 1622 1001 1728 ἡάρχὴ
1016 1633 1081 1704 τοῦ
1098 1656 1198 1704 ace-10

123 1757 282 1864 φαλαίου
295 1756 387 1835 τοῦτ’
401 1753 484 1859 ἔχει·
515 1750 748 1858 Ἐρωτήσατέ
754 1786 797 1851 με
807 1754 887 1855 περὶ
900 1758 971 1831 τῶν
985 1757 1070 1832 υἱῶν
1080 1789 1158 1853 μου,

123 1886 181 1965 καὶ
202 1889 274 1962 τῶν
299 1882 501 1985 θυγατέρων
521 1916 605 1981 μου,
630 1883 688 1960 καὶ
708 1887 779 1960 τῶν
802 1880 914 1983 ἔργων
936 1886 1008 1959 τῶν
1031 1889 1159 1985 χειρῶν

122 2045 192 2110 μου
213 2009 422 2089 ε’ντείλασθέ
437 2043 510 2108 μοι.
543 2007 613 2111 ἐγὼ
634 2010 785 2108 ἐποίησα
805 2011 874 2108 γῆν
895 2009 953 2086 καὶ
970 2006 1159 2111 ἄνθρωπον

123 2139 177 2217 ἐπ’
197 2139 315 2238 αὐτῆς.
349 2135 422 2239 ἐγὼ
443 2142 487 2242 τῇ
505 2138 598 2241 χειρί
611 2171 681 2236 μου
698 2136 898 2239 ἐστερέωσα
914 2134 977 2215 τον
995 2135 1155 2240 οὐρανόν.

121 2264 193 2369 ε’γῶ
211 2273 325 2347 πᾶσιν
342 2273 415 2350 τοῖς
433 2265 578 2369 ἄστροις
596 2261 831 2365 ἐνετειλάμην.
862 2261 932 2366 ἐγὼ
949 2264 1075 2368 ἤγειρα
1091 2266 1194 2354 ari-15

120 2394 198 2494 τὸν,
214 2399 342 2496 (Excidit
351 2392 440 2495 μετὰ
453 2391 708 2495 δικαωσύνης,)
722 2394 779 2471 καὶ
789 2399 906 2473 πᾶσαι
916 2397 952 2471 αὶ
963 2394 1038 2472 ὁδοὶ
1052 2394 1158 2473 αι’ποῦ

121 2524 259 2604 εὐθεῖαι.
284 2522 386 2608 οὗτος
399 2519 623 2622 οἶκοδομήσει
636 2518 701 2621 τὴν
711 2517 819 2599 πόλιν
830 2554 913 2618 μου,
931 2523 989 2598 καὶ
1002 2517 1069 2620 τὴν
1082 2527 1157 2625 αἰχ-

119 2651 310 2752 μαλωσίαν
323 2651 544 2757 ἐπιστρέψει.
570 2651 611 2730 οὐ
624 2647 713 2749 μετὰ
726 2647 880 2752 λάτρων,
896 2648 975 2727 οὐδὲ
987 2647 1079 2748 μετὰ
1092 2649 1156 2730 δώ-

29 2800 32 2807 “
120 2812 208 2881 ρων,
223 2773 317 2856 εἶπεν
332 2776 462 2881 Κύριος
480 2778 650 2870 Σαβαώθ.
681 2778 807 2861 Οὕτως
825 2772 919 2856 εἶπεν
934 2775 1067 2880 Κύρως
1080 2784 1155 2858 Σα-

163 2969 216 3026 IV.
237 2968 405 3034 Videamus,
420 2981 454 3026 ut
473 2970 530 3027 dixi
549 2990 618 3028 con·
660 2981 712 3037 est,
734 2970 813 3028 unde
836 2981 952 3046 oportet
971 2970 1101 3046 incipere
1121 2971 1157 3030 ud

121 3049 306 3115 futationem,
335 3050 439 3107 deinde
466 3051 618 3108 veritatem
658 3052 822 3110 docendum
837 3052 883 3110 oui
903 3063 931 3108 et
950 3051 1062 3126 dequo
1077 3052 1154 3110 dicit.

121 3149 309 3208 exponemus.
330 3131 381 3188 Ait
396 3132 490 3189 enim:
507 3133 617 3189 ειΙραθο-
658 3133 796 3209 Superius
818 3133 895 3190 enim
915 3132 1091 3208 principium
1110 3153 1155 3191 ca·

120 3213 350 3289 ravitAEqyptas
363 3222 389 3270 et
402 3222 553 3272 mercatura
562 3215 616 3271 AE-
657 3215 734 3290 pitis,
760 3215 801 3273 sio
824 3215 931 3270 habet:
960 3209 1157 3290 blaterroqate

120 3296 248 3370 τΙιὶοριιτυ,
264 3304 290 3352 et
308 3295 420 3361 Sabain,
441 3306 470 3353 et
489 3317 552 3372 quae
572 3315 616 3354 se·
657 3316 698 3353 me
720 3299 752 3353 de
771 3296 844 3372 filiis
863 3295 928 3351 meis
947 3303 974 3351 et
994 3295 1028 3351 de
1043 3296 1157 3370 filiabus

121 3388 251 3452 quuntur
267 3395 359 3452 usque
374 3377 411 3434 ad
428 3397 494 3435 eum
510 3379 616 3444 locum,
658 3378 732 3444 meas,
747 3386 774 3434 et
787 3378 820 3433 de
832 3377 954 3451 operibus
966 3395 1090 3432 manaam
1103 3396 1155 3432 me-

119 3457 171 3514 ubi
197 3457 284 3514 dicit:
314 3458 354 3514 Ta
377 3477 405 3515 es
427 3461 504 3516 Deas
529 3460 621 3516 Israel
659 3479 736 3516 aram
759 3460 883 3515 mandate
905 3458 979 3515 milti.
1014 3458 1080 3533 Ερο
1095 3458 1157 3534 feci

93 3593 96 3597 ,
120 3537 260 3594 Salvator.
283 3538 354 3596 Haec
368 3541 480 3605 recitat,
496 3560 555 3597 non
573 3542 617 3596 in·
658 3549 769 3606 terram,
793 3548 819 3596 et
839 3540 966 3596 homiaem
986 3558 1068 3614 saper
1089 3559 1154 3604 eam,

121 3618 254 3695 telligens
266 3619 431 3694 quodprius
443 3621 617 3680 dictumest.
658 3641 707 3697 eqo
727 3640 806 3678 maaa
828 3640 886 3677 mea
907 3622 1021 3696 firaaaai
1045 3621 1155 3688 aulam

121 3699 197 3756 Cum
216 3700 295 3756 enim
307 3701 410 3757 volunt
425 3702 568 3770 malitiose
584 3721 618 3760 ac
658 3722 708 3778 eqo
727 3702 850 3759 mandavi
868 3702 959 3765 astra's,
975 3720 1024 3776 eqo
1042 3701 1157 3758 cacitavi

121 3780 188 3837 dolo
202 3782 279 3838 mulo
298 3800 393 3859 agere,
409 3782 626 3849 circumcidunt
659 3804 725 3849 eam,
751 3792 777 3839 et
800 3801 887 3839 amnes
910 3783 960 3837 oiae
983 3784 1045 3856 ejas
1066 3791 1154 3840 recta.

122 3859 295 3936 Scripturas.
330 3863 446 3921 Recitet
462 3874 560 3921 autem
573 3865 617 3921 in·
658 3866 715 3921 Hic
725 3863 866 3940 aedificabit
879 3864 1013 3919 civitatem
1025 3882 1119 3929 meam,
1131 3871 1157 3919 et

121 3952 212 4020 tegre,
226 3954 256 3999 et
267 3943 393 4018 reperiet
404 3963 519 4002 causam
533 3966 618 4021 prop·
658 3946 838 4020 captivitatem
848 3945 955 4001 reducet
965 3964 1016 4001 aaa
1027 3963 1154 4018 campre-

120 4034 166 4080 ter
180 4043 267 4098 quam
280 4024 342 4080 haec
355 4025 500 4082 dicuntur.
528 4027 618 4084 Paulo
658 4028 708 4092 oio,
731 4045 811 4102 aeque
828 4044 885 4082 cam
906 4025 989 4092 bonis,
1012 4025 1153 4082 diaitDo-

121 4105 198 4162 enim
218 4125 312 4181 supra,
327 4105 499 4181 principium
517 4108 618 4184 capitis
657 4109 741 4164 minas
754 4107 884 4165 Sabaoth.
915 4107 963 4164 Sic
976 4105 1153 4164 aiaitDomi-

363 4240 377 4268 ν
394 4229 458 4278 Esai.
471 4230 519 4278 xlv.
535 4245 570 4290 14.
701 4233 716 4271 b
734 4231 797 4279 Esoi.
810 4230 857 4277 xlv.
873 4245 909 4277 rr.
