2678 4830
169 358 232 421 114
520 349 860 417 TERTULLIANI

168 527 314 601 tationis
345 524 607 597 solemnitatem
636 522 889 623 dispungimur
921 523 1019 625 (for.
1047 528 1221 603 solemni·

168 658 242 719 tate
266 643 522 742 dispungitur).
570 641 740 713 Ceterum
764 641 865 713 omni
888 640 946 714 die
967 641 1048 738 quis
1073 641 1221 719 dubitet

168 774 390 861 prosternere
413 787 451 834 se
475 758 557 830 Deo
577 759 633 831 vel
658 758 774 856 prima
799 756 926 829 saltem
950 757 1123 849 oratione,
1142 786 1219 857 qua
1248 860 1253 869 ἡ

168 880 284 952 lucem
317 874 546 975 ingredimur.
598 873 754 968 Jejuniis
784 887 904 946 autem
933 888 970 946 et
1000 875 1217 950 stationibus

167 997 267 1069 nulla
289 993 402 1066 oratio
429 990 504 1064 sine
530 1016 637 1088 genu,
657 1001 693 1061 et
713 988 849 1086 reliquo
873 989 1089 1063 humilitatis
1115 1018 1243 1080 mores

166 1109 379 1185 celebranda
400 1119 464 1181 est.
506 1106 593 1179 Non
621 1105 718 1177 enim
746 1132 889 1177 oramus
916 1117 1071 1196 tanturn,
1088 1107 1152 1180 sed
1179 1122 1216 1182 et

165 1225 412 1327 deprecamur,
442 1235 478 1295 et
506 1222 745 1295 satisfacimus
774 1222 857 1294 Deo
885 1221 1049 1295 Domino
1077 1239 1214 1298 nostro.

165 1343 225 1416 De
247 1341 470 1440 temporibus
490 1339 659 1412 orationis
684 1339 775 1411 nibil
794 1338 943 1411 omnino
960 1340 1212 1439 praescriptum

165 1473 231 1548 est,
249 1458 315 1530 nisi
335 1459 441 1556 plane
460 1454 559 1527 omni
578 1455 613 1527 in
634 1466 797 1554 tempore
815 1468 851 1527 et
867 1456 946 1527 loco
964 1481 1075 1527 orare.

216 1574 287 1647 Sed
311 1571 493 1669 quomodo
520 1573 618 1644 omni
637 1571 724 1659 loco,
750 1598 863 1667 quum
890 1571 1148 1671 prohibeamur
1174 1573 1211 1645 in
1229 1605 1263 1643 ιο

122 1696 129 1710 ’
165 1690 335 1793 publico?
362 1688 488 1778 Omni,
507 1687 635 1786 inquit,
655 1691 690 1783 (1
708 1688 750 1760 ad
765 1687 861 1760 Tim.
875 1688 911 1761 ii.
924 1690 973 1784 8.)
985 1689 1077 1777 loc0‚
1098 1716 1211 1786 quem

165 1805 427 1908 opportunitas,
445 1804 632 1877 autetiam
652 1805 842 1877 necessitas
862 1805 1082 1903 importaret.
1121 1808 1210 1879 Non

165 1927 263 1999 enim
287 1936 411 1996 contra
435 1933 655 2020 praeceptum
679 1935 864 2020 reputatur
888 1923 932 1994 ab
950 1924 1120 2021 apostolis
1137 1923 1213 1998 fac-

164 2054 256 2129 tum,
274 2038 335 2135 qui
355 2037 392 2110 in
410 2062 550 2108 carcere
568 2035 795 2110 audientibus
814 2037 986 2110 custodiis
1004 2040 1155 2111 orabant
1173 2056 1211 2114 et

164 2158 341 2232 canebant
363 2153 458 2243 Deo,
476 2153 572 2252 apud
589 2153 741 2226 Paulum
766 2152 862 2251 (for.
877 2168 939 2227 aut
957 2182 976 2227 a
994 2156 1121 2252 Paulo)
1144 2157 1206 2253 qui
1226 2189 1235 2226 ι
1242 2187 1260 2245 5

162 2274 199 2347 in
218 2272 435 2345 navicuram
455 2268 624 2342 omnibus
642 2269 893 2342 eucharistiam
911 2269 1007 2344 fecit.

35 2404 118 2453 CAP·
211 2387 272 2461 De
294 2402 456 2488 tempore
477 2413 561 2460 vero
584 2414 656 2459 non
677 2387 744 2459 erit
769 2388 883 2461 otiosa
905 2389 1124 2463 extrinsecus
1142 2393 1210 2463 ob-

15 2469 153 2598 >ebidiam
163 2505 315 2579 servatio
332 2504 441 2578 etiam
459 2504 627 2577 horarum
646 2503 895 2601 quarumdam.
948 2506 1102 2579 Istarum
1126 2507 1210 2581 dico

162 2622 426 2711 communium,
450 2648 533 2719 quae
557 2621 627 2694 diei
654 2621 863 2720 interspatia
889 2620 1006 2719 signat
1031 2625 1118 2718 (cor.
1138 2625 1209 2724 sig-

161 2740 279 2832 nant),
296 2738 411 2822 tertia,
426 2750 536 2821 sexta,
554 2765 659 2827 nona,
677 2764 766 2835 quas
783 2738 1014 2811 solemniores
1036 2739 1072 2811 in
1097 2741 1207 2841 scrip·
1220 2776 1258 2814 20

161 2853 249 2927 turis
267 2853 428 2925 invenire
445 2864 509 2925 est.
554 2852 694 2926 Primus
712 2853 867 2952 Spiritus
884 2855 1040 2928 Sanctus
1056 2877 1207 2956 congre-

160 2969 252 3069 gatis
272 2967 457 3068 discipulis
480 2968 568 3041 hora
590 2968 696 3040 tertia
713 2969 852 3043 infusus
870 2984 923 3044 est
947 2973 1044 3070 (Act.
1063 2973 1100 3047 ii.
1119 2979 1204 3069 m).

43 3072 45 3075 ⁵
161 3086 298 3176 Petrus,
315 3083 462 3183 quadie
479 3084 654 3157 visionem
677 3087 947 3165 communitatis
965 3090 1082 3163 omnis
1104 3089 1202 3190 (for.

158 3203 339 3299 omnium)
359 3203 397 3276 in
419 3202 481 3275 illo
497 3202 643 3275 vasculo
660 3216 827 3301 expertus
846 3217 910 3294 est,
927 3217 1026 3277 sexta
1045 3206 1131 3280 hora
1149 3235 1203 3280 as-

158 3321 326 3396 cenderat
343 3318 466 3394 orandi
484 3319 596 3418 gratia
613 3319 652 3391 in
670 3320 861 3420 superiora.
881 3321 943 3412 (ib.
959 3347 994 3393 x.
1008 3328 1057 3420 9.)
1098 3324 1200 3398 Idem
1215 3357 1229 3394 2
1235 3356 1250 3413 5

157 3463 242 3510 cum
255 3439 397 3510 Joanne
412 3435 456 3509 ad
470 3463 604 3508 nonam
623 3437 660 3508 in
673 3442 849 3537 templum
869 3437 1003 3524 adibat,
1020 3440 1083 3531 (ib.
1094 3439 1143 3512 iii.
1154 3448 1201 3538 1.)

158 3551 219 3623 ubi
238 3550 476 3649 paralyticum
496 3552 638 3625 sanitati
657 3553 862 3628 reformavit
878 3581 960 3627 sure.
1000 3555 1051 3628 Et
1068 3555 1096 3627 si
1116 3555 1202 3628 sim-

159 3665 311 3764 pliciter
341 3666 550 3740 sehabeant
584 3667 660 3741 sine
689 3671 797 3742 ullius
814 3672 1077 3744 observationis
1109 3699 1204 3769 prae-

156 3796 275 3882 cept0‚
302 3783 439 3854 bonum
467 3795 588 3857 tamen
613 3784 660 3857 ‘sit
686 3785 843 3882 aliquam
870 3788 1085 3861 constituere
1111 3814 1202 3886 prae-

156 3898 387 3984 sumtionem,
402 3925 474 3994 qua
492 3897 592 4000 (for.
607 3906 703 3998 quae)
718 3916 754 3975 et
771 3901 895 3975 orandi
914 3903 1197 3976 admonitionem
1211 3937 1249 3991 30

158 4011 258 4117 (for.
273 4014 533 4111 admonitione)
554 4017 786 4117 constringat,
796 4032 832 4090 et
849 4019 950 4114 quasi
967 4020 1047 4118 lege
1066 4020 1110 4092 ad
1129 4021 1200 4092 tale

155 4158 287 4205 munus
305 4143 518 4228 extorqueat
535 4159 556 4204 a
573 4134 726 4232 negotiis
745 4131 938 4222 interdum,
951 4146 993 4207 ut
1010 4137 1107 4233 quod
1123 4137 1200 4209 Da-

154 4246 239 4319 nieli
259 4247 322 4344 (vi.
341 4253 411 4346 10.)
426 4272 572 4346 quoque
593 4251 746 4348 legimus
764 4252 990 4325 observatum
1012 4254 1136 4351 utique
1154 4280 1199 4325 ex
