2768 4844
166 334 209 395 52
526 333 557 396 S.
575 330 841 395 HIPPOLYTI

167 501 213 583 tui
239 501 351 604 θνητὰ
376 504 530 604 σώματα
557 506 654 604 ὑμῶν
681 503 740 583 διὰ
766 510 829 582 τοῦ
856 503 1071 583 ἐνοικοῦντος
1095 499 1203 577 αὐτοῦ

166 632 366 735 πνεύματος
397 637 434 714 ἐν
466 637 559 734 ὑμῖν.
606 632 700 714 Ἰδοὺ
731 633 947 733 συνέστηκεν
977 629 1018 710 τὸ
1051 628 1109 708 διὰ
1139 638 1203 710 τοῦ

166 760 353 870 προφήτου
381 762 571 866 εἰρημένου.
602 759 672 864 ἐγὼ
699 762 823 865 ἤγειρα
849 758 938 860 μετὰ
955 755 1199 857 δικαιοσύνης.

165 887 220 969 Τὸ
246 889 284 968 δέ
307 894 429 987 εἰπεῖν,
451 887 505 969 ὅτι
527 892 565 969 ε’ν
585 892 647 969 σοὶ
665 891 684 969 5
703 885 795 973 Θεός
812 891 925 985 ἐστιν,
946 887 1113 966 ἐδείκνυεν
1131 919 1200 985 μυ-

166 1014 315 1120 στήριον
329 1017 398 1110 (for.
412 1016 454 1096 τὸ
472 1027 529 1120 μ.)
545 1019 756 1117 οἰκονομίας,
778 1015 832 1096 ὅτι
849 1015 1123 1118 σεσαρκωμένου
1140 1021 1229 1098 τοῦ5

167 1140 290 1246 Λόγου
315 1147 374 1224 καὶ
397 1144 736 1249 ἐνανθρωπήσαντος
754 1148 774 1225 5
792 1143 920 1248 Πατὴρ
938 1141 982 1244 ἧν
1001 1145 1038 1221 ἐν
1054 1148 1105 1249 τῷ
1124 1146 1201 1248 υἱῷ,

60 1301 63 1307 ·
167 1275 224 1351 καὶ
249 1273 270 1350 5
295 1269 368 1358 υἱὸς
395 1273 432 1352 ἐν
458 1279 509 1381 τῷ
537 1277 669 1378 Πατρὶ,
700 1272 1013 1374 ἐμπολιτευομένου
1039 1279 1101 1350 τοῦ
1129 1275 1205 1350 υἱοῦ

167 1401 205 1479 ἐν
227 1399 439 1503 ἀνθρώποις.
488 1406 606 1481 Τοῦτο
634 1403 695 1481 οὖν
717 1402 939 1502 ἐσημαίνετο,
964 1401 1130 1504 ἀδελφοὶ,
1151 1395 1205 1476 ὅτι

167 1524 279 1610 ὅντως
296 1525 493 1631 μυστηριον
514 1530 583 1630 (for.
600 1530 637 1608 ἐν
655 1535 705 1635 τῷ
723 1528 922 1634 μυστηρίῳ)
950 1525 1146 1625 οἰκονομίαι
1167 1526 1205 1603 ἐκ

167 1652 366 1751 πνεύματος
385 1656 487 1756 ἁγίου
505 1652 549 1753 ἦν
567 1655 668 1740 οὗτος
685 1657 705 1734 5
720 1651 841 1756 Λόγος
858 1656 916 1733 καὶ
933 1654 1123 1757 παρθένου,
1144 1653 1205 1732 ἕνα
1218 1683 1252 1721 10

168 1778 243 1860 υἱὸν
262 1787 344 1889 Θεῷ
366 1781 672 1885 ἀπεργασάμενοι.
703 1788 819 1862 Τοῦτο
845 1780 883 1861 δέ
907 1782 969 1861 οὐκ
996 1779 1066 1882 ἐγὼ
1090 1780 1202 1882 λέγω,

168 1909 252 1987 ἀλλ’
273 1908 378 1994 αι’πδο
395 1912 601 2014 μαρτνρεῖὸ
619 1908 778 2004 καταβὰς
795 1911 834 1988 ἐκ
850 1917 914 1989 τοῦ
932 1910 1093 2013 οὐρανοῦ.
1114 1911 1205 1989 οὕτω

168 2034 240 2139 γὰρ
258 2037 367 2140 λέγει·
401 2039 528 2123 Οὐδεὶς
546 2037 766 2140 ἀναβέβηκεν
784 2043 832 2123 εἰς
849 2036 911 2117 τὸν
930 2037 1078 2141 οὐρανὸν
1102 2044 1131 2118 εἰ
1155 2037 1205 2138 μὴ

168 2165 189 2243 5
207 2167 246 2246 ἐκ
264 2174 328 2246 τοῦ
346 2167 495 2269 οὐρανοῦ
513 2164 671 2261 καταβὰς
689 2167 709 2244 5
728 2165 800 2251 υἱὸς
817 2175 880 2247 τοῦ
898 2165 1097 2269 ἀνθρώπου·
1120 2168 1139 2245 5
1156 2163 1206 2245 ὧν

167 2294 205 2374 ἐν
236 2299 287 2402 τῷ
319 2296 468 2402 οὐρανῷ.
516 2295 568 2374 Τι’
595 2296 657 2375 οὖν
690 2293 785 2396 ζητεῖ
807 2293 906 2399 παρὰ
932 2295 973 2374 τὸ
1001 2294 1180 2399 εἰρημένον
1194 2328 1203 2390 ;
1218 2326 1251 2387 15

166 2420 252 2522 μήτι
279 2424 362 2528 ἐρεῖ,
393 2422 447 2502 ὅτι
474 2426 511 2502 ἐν
539 2424 675 2532 οὐρανῷ
702 2423 803 2530 σὰρξ
826 2421 895 2523 ἦν;
929 2425 1028 2503 ἐστὶν
1054 2422 1118 2523 μέν
1146 2425 1208 2504 οὖν

167 2550 269 2659 σὰρξ
290 2553 312 2659 5
339 2551 407 2633 ὑπὸ
428 2561 491 2633 τοῦ
509 2549 631 2655 Λόγου
652 2561 715 2632 τοῦ
736 2550 903 2660 πατρῷον
925 2558 1208 2656 προσενεχθεῖσα

86 2740 88 2747 -
168 2684 297 2783 δῶρον,
327 2681 350 2780 5
378 2682 416 2758 ἐκ
443 2678 643 2779 πνεύματος
670 2687 727 2760 καὶ
754 2680 945 2784 παρθένου,
974 2679 1106 2764 τέλειος
1135 2679 1207 2766 υἱὸς

168 2812 264 2887 Θεοῦ
282 2807 582 2908 ἀποδεδειγμένος.
619 2806 812 2911 Πρόδηλον
829 2809 905 2906 οὖν,
926 2807 980 2889 ἐπι
1001 2807 1106 2893 αὐτὸς
1123 2810 1204 2889 ἑαυ-

167 3008 282 3064 corpora
301 2996 392 3044 vestra
407 3007 461 3063 ριν
480 2988 670 3045 inhabitantem
710 2999 860 3064 operatum
870 2999 914 3044 est
921 2989 984 3045 Deo
993 2989 1097 3046 Filium
1105 3010 1208 3049 unum.

168 3071 302 3146 Spiritum
329 3071 387 3144 ejus
413 3070 441 3125 ιἰι
466 3069 550 3126 vobis.
593 3070 669 3127 Ecce
711 3069 776 3125 Hoc
797 3079 894 3125 autem
914 3088 974 3125 non
995 3088 1049 3147 ego
1067 3071 1142 3137 dico,
1158 3072 1210 3130 sed

169 3151 369 3228 comprobavit
393 3151 471 3226 quod
491 3150 602 3208 dictum
624 3161 668 3207 est
707 3150 769 3226 ipse
790 3159 913 3206 testatur
934 3150 984 3224 qui
1004 3151 1040 3208 de
1062 3153 1140 3210 coelis
1158 3154 1207 3211 de-

168 3253 222 3311 per
242 3234 433 3309 Prophetum:
456 3233 521 3308 Ερο
540 3232 669 3289 suscitavi
708 3230 831 3289 scendit.
870 3230 919 3288 Sic
934 3231 1084 3291 enimait:
1103 3235 1209 3291 ιιΝουιο

169 3315 355 3389 cumjustitiu.
379 3314 466 3384 Quod
476 3325 574 3371 autem
585 3314 667 3379 dixit,
708 3312 826 3370 ascendit
847 3312 874 3369 ιἰι
901 3313 1001 3379 culum,
1026 3315 1079 3371 nisi
1104 3315 1150 3390 qui
1176 3317 1209 3372 de

168 3397 205 3454 In
218 3405 245 3453 te
258 3404 298 3453 est
311 3396 406 3464 Deus,·
421 3395 549 3454 ostendit
562 3406 669 3471 myste-
709 3395 772 3451 ιαὶο
782 3394 925 3460 descendit,
936 3394 1029 3452 Filius
1039 3396 1151 3453 hominis
1164 3397 1210 3472 qui

168 3478 246 3534 rium
265 3477 442 3542 oeconomiae,
459 3477 490 3534 id
509 3488 561 3543 est,
577 3476 669 3533 incar-
710 3475 791 3533 estin
805 3476 877 3533 coelo.
913 3476 991 3545 Quid
1003 3476 1093 3554 igitur
1106 3478 1209 3551 quaerit

169 3559 307 3625 nationis,
319 3557 397 3632 quod
410 3558 561 3616 incarnato
571 3556 670 3614 Verbo
709 3556 765 3615 iste
789 3567 894 3632 praeter
916 3557 972 3615 hoc
997 3556 1074 3632 quod
1097 3557 1209 3615 dictum

171 3650 202 3697 et
217 3638 295 3696 fatto
314 3637 434 3697 homine
454 3639 540 3695 Pater
558 3650 620 3696 erut
639 3638 671 3695 in
711 3637 776 3697 est?
817 3639 968 3714 Numquid
1002 3638 1130 3696 dicturus
1165 3652 1210 3698 est

171 3720 254 3785 Filio,
263 3731 292 3776 et
306 3719 539 3786 FiliusinPatre‚
549 3738 669 3777 conver·
710 3719 789 3794 quod
809 3738 876 3777 caro
897 3730 959 3778 erat
979 3720 1009 3775 in
1029 3719 1122 3777 coelo?
1156 3720 1210 3778 Est

171 3811 254 3859 sante
262 3800 336 3858 Filio
342 3819 410 3858 cum
417 3800 592 3859 hominibus.
603 3802 670 3859 Hoc
709 3801 887 3879 igituruium,
904 3820 967 3876 quae
981 3819 999 3857 a
1012 3802 1102 3859 verbo
1116 3801 1208 3860 Putris

170 3882 269 3961 igitur,
296 3881 409 3948 fiutres,
444 3881 669 3960 significabatur,
710 3883 808 3939 oblata
828 3893 872 3939 est
892 3881 979 3947 dono,
1002 3901 1069 3939 caro
1089 3882 1209 3958 inquam

173 3962 251 4040 quod
264 3981 333 4020 vere
346 3964 516 4038 mysterium
535 3965 667 4021 incamu-
710 3980 743 4019 ex
758 3962 867 4038 Spiritu
879 3961 988 4020 Sancto
999 3975 1029 4021 et
1039 3963 1150 4041 virgine
1161 3983 1207 4022 os-

171 4045 259 4103 tionis
279 4063 314 4102 ex
333 4043 443 4120 Spiritu
464 4044 572 4103 Sancto
587 4056 616 4102 et
634 4063 669 4102 ex
709 4055 801 4109 tensa,
811 4042 956 4119 perfectus
963 4043 1053 4101 Filius
1062 4045 1127 4103 Dei.
1142 4045 1208 4103 Mu·

171 4127 284 4206 virgine
299 4137 361 4185 erat
373 4126 430 4184 hoc
438 4127 577 4191 Verbum,
591 4124 669 4201 quod
709 4124 846 4182 nifestum
853 4124 942 4203 igitur
952 4136 1006 4192 est,
1016 4126 1094 4201 quod
1105 4145 1136 4184 se
1146 4127 1208 4202 ipse

603 4256 617 4285 a
633 4245 690 4293 tou.
702 4245 735 4294 m.
751 4259 787 4306 ιη.
