2678 4830
342 305 406 367 DE
430 303 832 367 PRAESCRIPTIONE
856 302 984 365 HAER.
1124 304 1187 367 ltu

141 477 455 573 transfigurantem
483 502 521 548 se
546 475 584 547 in
611 474 779 572 angelum
807 475 921 547 lucis:
949 473 1051 569 cujus
1078 474 1188 573 signis

142 605 178 664 et
203 592 393 690 praestigiis
419 591 565 689 Apelles
591 589 773 680 inductus,
799 616 930 663 novam
959 591 1107 664 haeresin
1135 589 1189 662 in-

142 706 257 780 duxit.

192 824 265 897 Hae
299 836 383 897 suut
416 823 587 898 doctrinae
621 822 812 896 hominum
845 838 882 896 et
916 823 1190 915 daemoniorum,

114 941 388 1040 5prurientibus
412 941 557 1014 auribus
581 953 674 1014 natae
691 940 737 1014 de
754 941 899 1039 ingenio
917 941 1102 1040 sapientiae
1126 969 1286 1022 sae-mim.
1298 972 1323 1020 u.

1235 841 1317 890 cAP.

1245 907 1308 956 vn.

1200 1052 1210 1086 r
1221 1038 1286 1085 Tim.
1297 1038 1330 1085 ir.

142 1056 291 1130 cularis:
326 1082 436 1153 quam
467 1056 653 1130 Dominus
680 1056 877 1130 stultitiam
902 1084 1046 1145 vocans,
1073 1056 1331 1150 stultuffmi,

142 1173 268 1248 mundi
285 1172 320 1245 in
339 1171 588 1245 confusionem
602 1171 712 1246 etiam
731 1173 969 1272 philosophiae
988 1173 1099 1272 ipsius
1117 1176 1189 1248 ele-

142 1292 205 1389 git.
240 1290 295 1363 Ea
313 1302 368 1361 est
384 1289 482 1362 enim
501 1289 650 1362 materia
667 1289 852 1388 sapientiae
871 1291 1062 1378 saecularis,
1076 1305 1189 1363 teme-

142 1406 232 1479 raria
249 1407 423 1505 interpres
441 1405 573 1479 divinae
592 1418 727 1478 naturae
745 1418 782 1478 et
799 1405 1054 1505 dispositionis.
1094 1407 1188 1508 Ipsae

93 1523 298 1620 ¹10denique
322 1522 473 1595 haereses
498 1550 518 1595 a
541 1520 774 1621 philosophia
795 1523 1045 1594 subornantur.
1096 1523 1188 1596 Inde

143 1667 263 1713 aeones
291 1653 329 1712 et
360 1640 487 1712 formae
519 1639 639 1710 neseio
670 1665 762 1736 quae,
792 1650 830 1710 et
858 1638 997 1711 trinitas
1028 1639 1189 1712 hominis

142 1755 237 1854 apud
263 1755 523 1829 Valentinum:
557 1754 763 1826 Platonicus
789 1754 916 1826 fuerat.
968 1753 1061 1827 Inde
1089 1755 1190 1828 Mar-

142 1871 255 1945 cionis
279 1870 383 1943 Deus
408 1869 535 1942 melior
558 1869 602 1942 de
626 1869 907 1967 tranquillitate:
935 1897 955 1941 a
980 1870 1110 1943 Stoicis
1132 1897 1190 1944 re-

142 2001 253 2060 nerat.
305 1987 356 2060 Et
379 1999 420 2059 ut
443 1987 565 2059 anima
588 1986 732 2058 interire
754 1986 904 2075 dicatur,
927 1988 972 2059 ab
996 1986 1187 2087 Epicureis

96 2128 131 2188 15
142 2105 359 2177 observatur.
411 2103 462 2176 Et
478 2117 520 2176 ut
536 2102 652 2175 carnis
669 2103 848 2176 restitutio
865 2116 1027 2202 negetur,
1047 2103 1093 2175 de
1117 2129 1188 2176 una

142 2219 305 2293 omnium
335 2219 637 2319 philosophorum
664 2219 786 2292 schola
816 2219 981 2293 sumitur.
1044 2220 1095 2292 Et
1124 2219 1187 2290 ubi

142 2337 291 2409 materia
314 2362 398 2409 eum
426 2336 506 2409 Deo
529 2349 703 2435 aequatur,
727 2335 887 2408 Zenonis
911 2335 1100 2434 disciplina
1122 2348 1186 2409 est.

142 2452 194 2525 Et
218 2454 281 2526 ubi
303 2452 438 2550 aliquid
460 2453 505 2526 de
531 2453 639 2551 igneo
663 2452 747 2525 Deo
774 2453 959 2551 allegatur,
980 2452 1188 2529 Heraclitus

140 2569 343 2643 intervenit.
390 2567 540 2642 Eaedem
559 2568 718 2641 materiae
736 2567 831 2667 apud
852 2567 1035 2641 haereticos
1053 2582 1090 2640 et
1106 2569 1188 2668 phi-

95 2686 312 2785 aolosophos
335 2688 553 2775 volutantur,
571 2684 682 2758 iidem
704 2698 914 2758 retractatus
936 2685 1187 2784 implicantur:

1199 1167 1338 1216 scor.iii.l

144 2802 253 2876 Unde
280 2803 441 2875 malum?
468 2816 505 2875 et
530 2803 663 2898 quare?
689 2816 738 2891 et,
762 2803 859 2876 unde
884 2802 1017 2876 homo?
1043 2816 1079 2876 et
1100 2831 1190 2900 quo-
1281 2824 1283 2827 ’

143 2918 276 2992 modo?
318 2932 355 2990 et
398 2917 495 3015 quod
541 2919 706 3017 proxime
741 2920 955 2993 Valentinus
992 2919 1189 3018 proposuit,

143 3035 240 3108 unde
262 3034 388 3107 Deus?
432 3034 578 3108 Scilicet
604 3036 648 3108 de
674 3035 893 3134 enthymesi,
919 3049 956 3108 et
981 3049 1188 3111 ectromate.

142 3151 313 3250 Sequitur
329 3151 559 3225 Aristotelem
581 3153 678 3252 (for.
691 3153 934 3249 Aristoteles),
948 3153 1009 3250 qui
1029 3152 1097 3224 illis
1115 3152 1190 3226 dia-

98 3268 308 3352 25lecticam
335 3267 504 3353 instituit,
523 3268 695 3341 artificem
725 3268 885 3341 struendi
912 3280 948 3340 et
973 3268 1190 3359 destruendi,

142 3384 365 3483 versipellem
402 3383 440 3456 in
475 3385 673 3470 sententiis,
703 3398 864 3457 coactam
896 3385 935 3456 in
965 3385 1190 3480 conjectoria,

142 3500 268 3572 duram
288 3499 323 3571 in
344 3500 576 3598 argumentis,
593 3500 791 3598 operariam
811 3501 1099 3590 contentionum,
1112 3528 1190 3574 mo-

143 3616 270 3689 lestam
293 3616 401 3691 etiam
422 3615 588 3714 sibiipsi,
609 3615 732 3689 omnia
756 3630 1021 3704 retractantem,
1039 3616 1188 3716 nequid

142 3733 290 3805 omnino
308 3731 522 3806 tractaverit.
561 3733 662 3805 Hinc
679 3733 751 3806 illae
769 3734 900 3806 fabulae
917 3746 955 3806 et
972 3735 1189 3834 genealogiae

94 3877 132 3932 30
144 3845 436 3933 interminabiles
454 3861 490 3920 et
508 3849 722 3945 quaestiones
741 3848 982 3937 infructuosae,
1001 3864 1036 3923 et
1054 3877 1184 3924 sermo-

146 3990 209 4035 nes
233 3977 415 4062 serpentes
438 3964 538 4036 velut
560 3990 711 4048 cancer;
738 3966 907 4062 aquibus
926 3993 989 4038 uos
1008 3968 1190 4064 apostolus

145 4078 347 4168 refraenans,
367 4079 580 4152 nominatim
607 4081 874 4181 philosophiam
897 4086 1116 4156 contestatur
1133 4110 1191 4156 ca·

146 4192 218 4264 veri
249 4207 421 4291 oportere,
452 4195 609 4268 scribens
641 4195 684 4269 ad
711 4197 960 4271 Colossenses:
991 4197 1122 4271 Videte
1146 4225 1191 4278 ue

1200 3771 1209 3804 ι
1223 3757 1287 3806 Tim.
1298 3759 1314 3807 i.

1198 3821 1247 3871 Tit.
1259 3824 1293 3871 iu'.

1199 3899 1211 3934 2
1223 3887 1287 3937 Tim
1299 3889 1324 3939 ii.

1200 4215 1288 4267 Coloss.
1300 4217 1325 4266 ii.
