2678 4830
507 305 571 367 ms
596 304 856 404 onnmoun.
1146 310 1211 377 117

161 475 272 566 novit,
295 475 362 547 nisi
389 474 640 549 defunctorum
665 476 803 550 animas
827 476 872 550 de
899 477 977 577 ipso
1002 479 1127 553 mortis
1150 479 1209 553 iti·
1239 454 1245 565 i

161 620 245 665 nere
274 619 411 678 vocare,
446 592 581 666 debiles
617 593 821 683 reformare,
854 621 966 693 aegros
1001 595 1208 689 remediare,
1246 580 1254 687 ὶζ

160 709 402 783 daemoniacos
429 709 585 807 expiare,
608 710 762 784 claustra
785 712 934 784 carceris
960 712 1106 810 aperire,
1130 715 1208 788 vin·

159 828 240 900 cula
257 824 503 898 innocentium
523 826 669 900 solvere.
696 825 835 901 Eadem
854 827 960 901 diluit
974 828 1115 920 delicta,
1129 845 1207 905 ten·

131 941 312 1030 5tationes
329 939 481 1039 repellit,
498 941 793 1039 persequutiones
810 940 1002 1041 extinguit,
1020 943 1207 1041 pusillani·
1238 982 1253 1029 f

159 1084 238 1130 mos
257 1058 472 1145 consolatur,
485 1056 735 1154 magnanimos
752 1059 922 1148 oblectat,
938 1059 1205 1157 peregrinantes

158 1174 317 1263 deducit,
342 1175 472 1246 fluctus
503 1172 656 1270 mitigat,
681 1173 836 1245 latrones
868 1174 1118 1271 obstupefacit,
1143 1175 1206 1248 alit
1247 1192 1255 1273 ,²

157 1317 343 1391 pauperes,
361 1290 454 1389 regit
471 1286 568 1389 (for.
583 1289 686 1389 tegit)
710 1289 849 1379 divites,
871 1290 990 1389 lapsos
1014 1291 1129 1390 erigit,
1147 1319 1205 1366 ca·
1243 1280 1251 1395 ξ’

158 1409 282 1482 dentes
302 1405 500 1506 suspendit,
514 1418 648 1477 stantes
667 1405 837 1479 continet.
866 1406 993 1480 Oratio
1012 1434 1134 1480 murus
1151 1421 1206 1481 est
1235 1404 1245 1507 ξ’

112 1524 253 1614 10fidei,
277 1550 375 1597 arma
397 1535 434 1596 et
461 1523 532 1595 tela
554 1534 673 1595 nostra
700 1521 865 1595 adversus
893 1523 1079 1596 hominem
1105 1521 1204 1625 (sor.

158 1639 312 1731 hostem,
321 1639 535 1734 Obertlrur),
546 1639 608 1736 qui
622 1665 688 1711 nos
702 1638 862 1735 undique
874 1640 1049 1713 observat.
1076 1640 1206 1737 Itaque
1234 1642 1250 1707 ³.

113 1823 120 1829 .
157 1783 357 1854 numquam
381 1757 535 1829 inermes
557 1754 777 1828 incedamus.
814 1754 887 1829 Die
905 1755 1081 1846 stationiS,
1099 1771 1205 1832 nocte
1236 1848 1240 1855 Ι

155 1873 285 1972 vigiliae
310 1872 593 1945 meminerimus.
637 1871 714 1942 Sub
732 1871 839 1944 armis
863 1871 1035 1945 orationis
1059 1871 1205 1971 signum

156 1990 266 2062 nostri
298 1989 522 2090 imperatoris
555 1987 813 2077 custodiamus,
842 1988 968 2061 tubam
997 1990 1114 2087 angeli
1143 2016 1207 2063 ex·
1244 2010 1251 2103 ξὶ

111 2132 143 2193 15
155 2120 343 2207 pectemus
360 2117 513 2179 orantes.
548 2105 664 2178 Orant
682 2105 792 2177 etiam
811 2104 927 2202 angeli
947 2130 1084 2177 omnes.
1115 2107 1206 2181 Orat
1247 2111 1254 2177 ’,

156 2224 274 2296 omnis
301 2236 472 2297 creatura.
521 2223 638 2295 Orant
658 2221 816 2321 pecudes
843 2235 880 2294 et
904 2221 999 2311 ferre,
1025 2234 1061 2294 et
1086 2248 1206 2320 genua

156 2339 348 2430 declinant,
365 2352 403 2412 et
420 2338 642 2437 egredientes
660 2337 705 2410 de
723 2336 872 2410 stabulis
891 2362 932 2409 ac
950 2337 1142 2434 speluncis,
1159 2338 1205 2411 ad

71 2486 73 2490 ·
156 2456 292 2528 eoelum
311 2483 382 2529 non
401 2455 507 2528 otiosi
525 2482 586 2527 ore
600 2453 813 2554 suspiciunt,
824 2452 1003 2525 vibrantes
1018 2451 1116 2553 (sor.
1129 2479 1205 2527 sus-

153 2572 296 2669 piciunt
307 2572 497 2671 vibrante)
513 2571 639 2671 spiritu
656 2597 720 2643 suo
733 2596 879 2643 movere
893 2566 993 2669 (for.
1008 2576 1203 2666 movente).
1242 2600 1248 2607 “

109 2722 144 2760 20
154 2688 224 2760 Sed
251 2701 288 2762 et
309 2716 392 2764 aves
415 2716 514 2763 nunc
536 2700 750 2787 exurgentes
774 2686 961 2785 eriguntur
984 2685 1028 2757 ad
1055 2685 1203 2777 coelum,

153 2818 190 2878 et
207 2806 343 2880 alarum
362 2831 504 2879 crucem
523 2831 589 2905 pro
607 2804 775 2878 manibus
793 2801 1005 2891 extendunt,
1021 2814 1058 2876 et
1075 2800 1201 2876 dicunt

152 2922 299 3019 aliquid,
324 2922 421 3020 quod
447 2922 561 2997 oratio
586 2921 758 2996 videatur.
810 2918 909 3003 Quid
935 2944 1019 3016 ergo
1045 2917 1200 3016 amplius
1236 2986 1241 3013 ,

152 3039 197 3111 de
223 3039 341 3112 officio
366 3040 560 3113 orationis?
602 3039 726 3113 Etiam
757 3037 833 3136 ipse
862 3035 1045 3109 Dominus
1075 3034 1200 3124 oravit,
1232 3016 1241 3111 l

153 3157 211 3229 cui
229 3156 275 3230 sit
292 3157 408 3229 honor
425 3170 462 3230 et
478 3156 590 3229 virtus
608 3155 646 3229 in
665 3154 784 3228 secula
802 3153 1017 3226 seculorum.

1242 3146 1257 3191 Χ
