2678 4830
369 330 560 396 CONTRA
585 331 817 396 HAERESIM
841 332 1003 397 ΝΟΕΤΙ.
1162 331 1201 397 61

166 502 350 604 λάβωμεν.
392 503 459 604 Μή
478 506 552 584 κατ’
570 506 660 585 ἰδίαν
676 498 900 610 προαίρεσιν,
920 503 1008 605 μηδὲ
1026 506 1100 584 κατ’
1116 504 1204 585 ’ίδιον

167 641 265 730 νοῦν,
295 630 384 733 μηδὲ
410 630 611 734 βιαζόμενοι
639 632 685 712 τὰ
714 632 782 714 ὑπὸ
809 643 872 713 τοῦ
900 639 995 713 Θεοῦ
1022 633 1201 732 δεδομένα.

166 761 251 840 ἀλλ’
271 758 313 840 δν
331 759 464 864 τρόπον
482 759 587 844 αὐτὸς
604 760 783 862 ἐβουλήθη
805 760 863 840 διὰ
884 767 955 840 τῶν
978 761 1088 861 ἁγίων
1109 794 1201 865 γρα-

168 896 247 998 φῶν
266 889 393 996 δεῖξαι,
414 889 523 973 οὕτως
539 888 679 989 ἴδωμεν.
715 934 718 939 ’

140 1045 157 1106 5
222 1015 258 1097 ι’.
299 1014 392 1101 Θεὸς
422 1013 530 1116 μόνος
561 1016 730 1122 ὑπάρχων
758 1021 815 1097 καὶ
839 1015 948 1119 μηδέν
974 1017 1065 1121 ἔχων
1094 1019 1205 1125 ἐαυτῷ

167 1144 386 1251 οτίγχρονον,
406 1143 585 1246 ἐβουλήθη
604 1145 741 1246 κόσμον
759 1148 890 1226 κτίσαι.
926 1148 971 1226 ‘0
990 1144 1127 1245 κόσμον
1145 1149 1202 1225 ἐν·

168 1277 317 1374 νοηθεὶς,
349 1272 509 1372 θελήσας
539 1307 578 1353 τε
607 1277 665 1353 καὶ
695 1273 940 1383 φθεγξάμενος
966 1275 1146 1374 ἐποίησεν,
1176 1269 1206 1381 ᾧ

167 1403 367 1507 παραυτίκα
384 1400 546 1505 παρέστη
565 1398 606 1480 τδ
625 1399 813 1503 γενόμενον
831 1404 879 1487 ὡς
897 1400 1085 1502 ἠθέλησεν.
1116 1404 1204 1481 αὑτ-

169 1530 272 1636 αρκές
299 1531 361 1610 οὖν
390 1530 472 1629 ἡμῖν
500 1531 598 1609 ἐστιν
627 1527 737 1629 μόνον
764 1530 888 1610 εὶδέναι
919 1531 973 1609 ὅτι
1003 1529 1206 1635 οτίγχρονον

125 1665 266 1740 mecon
283 1656 384 1738 οὐδὲν
401 1654 500 1757 πλὴν
518 1658 623 1743 αὐτὸς
645 1656 704 1757 ἧν,
725 1657 829 1743 αὐτὸς
874 1657 884 1687 “
901 1657 1009 1758 μόνος
1026 1656 1075 1738 ὧν
1092 1656 1208 1743 πολὺς

169 1787 229 1889 ἦν,
253 1790 333 1868 οὔτε
357 1785 428 1890 γὰρ
454 1786 602 1888 ἄλογος,
628 1789 707 1866 οὔτε
734 1786 889 1895 ἄσοφος,
914 1790 993 1867 οὔτε
1020 1787 1205 1886 ἀδύνατος,

170 1920 249 1997 οὔτε
268 1913 483 2011 ἀβούλευτος
500 1912 560 2013 ἦν,
580 1913 698 1994 πάντα
722 1912 760 1993 δέ
784 1913 829 2014 ἦν
852 1918 890 1994 ἐν
914 1917 1023 2024 αὐτῷ,
1044 1917 1148 2003 αὐτὸς
1171 1915 1209 1996 δέ

169 2039 280 2143 ἦντὸ
305 2047 390 2121 πᾶν.
430 2042 488 2120 ὅτε
515 2041 707 2142 ἠθέλησεν,
737 2041 852 2127 καθῶς
878 2042 1069 2143 ἠθέλησεν,
1099 2043 1208 2150 ἔδειξε

169 2167 234 2249 τὸν
257 2166 379 2269 Λόγον
407 2169 514 2247 αὐτοῦ
537 2176 669 2273 καιροῖς
696 2169 903 2273 ὡρισμένοις
921 2172 1005 2274 παρ’
1028 2172 1137 2278 αὐτῷ,
1163 2172 1206 2249 δι’

127 2332 160 2393 ¹5
172 2295 214 2376 οὗ
229 2294 277 2376 τὰ
293 2294 413 2377 πάντα
429 2298 606 2397 ἐποίησεν.
644 2294 736 2377 Ὅτε
753 2297 818 2397 μέν
836 2297 946 2396 θέλει,
965 2305 1072 2395 ποιεῖ,
1093 2299 1151 2377 ὅτε
1170 2297 1209 2378 δέ

172 2427 381 2524 ἐνθυμεῖται,
415 2431 524 2522 τελεῖ,
559 2425 617 2504 ὅτε
649 2422 687 2504 δέ
718 2424 928 2532 φθέγγεται,
959 2424 1118 2522 δεικνύει,
1151 2424 1209 2504 ἐπε

171 2547 349 2649 πλοίσσει,
365 2549 560 2660 σοφίζεται.
590 2550 709 2632 πάντα
725 2549 797 2655 γὰρ
815 2549 861 2630 τὰ
877 2547 1048 2653 γενόμενα
1065 2550 1124 2629 διὰ
1140 2549 1207 2630 λό-

172 2711 240 2779 γον
264 2681 322 2758 καὶ
344 2681 478 2788 σοφίας
501 2677 716 2785 τεχνάζεται,
737 2676 838 2786 λόγῳ
854 2679 919 2778 μὲν
937 2675 1075 2780 κτίζων,
1095 2682 1211 2786 σοφίᾳ

173 2802 212 2882 δέ
229 2812 389 2905 κοσμιῖιν.
437 2807 630 2908 Ἐποίησεν
655 2807 717 2885 οὖν
742 2809 790 2892 ὡς
813 2804 1005 2906 ήθέλησεν,
1026 2803 1120 2890 θεὸς
1139 2803 1211 2910 γὰρ

173 3033 324 3110 cipiamus.
349 3035 419 3092 Non
433 3035 592 3093 secundum
606 3055 672 3111 pro·
714 3056 794 3102 sum;
823 3037 885 3113 ipse
907 3037 985 3094 solus
1009 3036 1117 3093 multus
1141 3047 1212 3094 erat.

172 3116 267 3191 priam
288 3117 479 3183 voluntatem,
504 3135 600 3192 neque
628 3137 672 3175 se·
713 3118 778 3176 Nec
807 3119 885 3175 enim
914 3128 975 3174 erat
1002 3117 1065 3174 sine
1087 3117 1211 3182 ratione,

175 3196 303 3254 cundum
316 3198 465 3274 proprium
479 3217 607 3264 sensum,
622 3218 673 3256 ne·
714 3199 777 3256 sine
804 3199 955 3275 sapientia,
980 3198 1043 3253 sine
1070 3197 1212 3271 potentin,

175 3296 232 3353 que
246 3277 307 3335 vim
323 3277 482 3336 inferentes
498 3279 529 3335 in
549 3298 593 3344 ea,
610 3299 673 3354 quae
714 3280 776 3338 sine
791 3280 921 3336 consilio.
964 3277 1072 3334 Omnia
1086 3288 1168 3334 erant
1181 3277 1213 3333 in

175 3360 211 3417 ab
226 3377 261 3416 eo
276 3359 345 3416 data
358 3371 442 3426 sunt;
462 3360 513 3417 sed
528 3361 674 3435 quomodo
715 3379 759 3427 eo,
779 3361 841 3437 ipse
863 3371 925 3417 erat
945 3359 1053 3416 omnia.
1088 3357 1213 3427 Quando

173 3439 236 3517 ipse
250 3459 304 3515 per
317 3451 431 3498 sanetus
445 3440 608 3517 Scripturas
623 3443 673 3500 do·
714 3443 816 3507 voluit,
833 3452 862 3498 et
882 3439 1027 3516 quomodo
1043 3439 1146 3505 voluit,
1167 3458 1213 3497 os-

175 3539 242 3579 eere
254 3521 358 3588 voluit,
374 3521 414 3579 sic
428 3522 633 3600 intelligamus.
715 3524 809 3581 tendit
822 3522 953 3580 Verbum
972 3541 1056 3578 suum
1075 3521 1213 3597 tempori-

214 3602 254 3660 X.
281 3602 361 3659 Deus
387 3604 465 3660 solus
492 3623 560 3660 cum
588 3613 683 3669 esset‚'
714 3605 768 3662 bus
793 3604 869 3680 apud
897 3623 965 3661 eum
989 3602 1131 3668 definitis;
1162 3621 1216 3678 per

174 3683 307 3758 nihilque
324 3683 379 3740 sibi
395 3702 526 3742 coaevum
544 3685 673 3751 haberet,
716 3704 804 3760 quem
828 3685 926 3743 omnia
946 3683 1025 3742 feeit.
1067 3683 1126 3753 Qui
1147 3702 1215 3740 cum

174 3765 268 3822 voluit
304 3765 446 3822 mundum
486 3766 609 3831 efficere,
646 3778 676 3823 et
715 3765 881 3833 vult‚fncit;
894 3765 1214 3844 quandocogitat,per-

174 3845 318 3902 mundum
342 3847 483 3924 cogitans,
507 3866 541 3903 ac
563 3847 674 3914 volens,
715 3847 792 3915 ficit;
819 3847 934 3924 quando
955 3847 1095 3922 loquitur,
1118 3858 1215 3904 osten-

175 3936 206 3984 et
224 3926 324 3984 dicens
343 3927 456 3994 effecit;
478 3928 675 4002 continuoque
716 3927 770 3995 dit;
787 3929 903 4005 quando
916 3927 1213 4004 format,sapientiam

176 4007 272 4065 extitit
300 4008 328 4065 ei
354 4007 458 4076 factus,
483 4009 558 4066 sicut
583 4009 677 4066 voluit
716 4009 785 4067 edit.
827 4009 935 4068 Omnia
955 4009 1033 4066 enim
1053 4028 1115 4084 quae
1136 4007 1214 4066 facta

173 4087 307 4164 peffecit.
343 4087 421 4147 Satis
434 4090 522 4168 igitur
535 4091 618 4147 nobis
633 4102 677 4147 est
715 4102 792 4156 sunt,
807 4091 920 4149 ratione
933 4091 1051 4165 quidem
1064 4099 1152 4152 creat.
1168 4106 1212 4144 sa-

175 4170 248 4226 ncire
266 4170 371 4236 solum,
386 4171 460 4227 nihil
473 4190 535 4229 esse
549 4172 612 4228 Deo
626 4191 675 4228 co·
716 4172 828 4249 pientia
839 4191 909 4229 vero
928 4182 1021 4228 ornat.
1063 4169 1144 4226 Fecit
1159 4168 1212 4245 igi-

176 4269 281 4310 aevum.
319 4252 403 4309 Nihil
423 4262 486 4310 erat
505 4263 610 4328 praeter
632 4253 675 4328 ip·
716 4264 763 4310 tur
790 4252 865 4310 sicut
891 4253 1000 4310 voluit:
1031 4251 1110 4308 Deus
1134 4248 1213 4306 enim
