2678 4830
237 361 291 425 IN
312 358 501 423 FIRMIL.
516 359 585 423 ΑΙ)
605 359 639 424 S.
656 357 881 424 CYPRIAN.
897 357 1049 422 EPIST.
1111 358 1175 421 243

125 531 290 597 orientales
303 545 445 596 exortam
466 530 507 596 de
526 530 681 595 haereticis
700 529 931 630 rebaptizandis
944 528 1127 594 memoravit
1141 528 1175 594 in

125 618 257 718 epistola
274 617 316 682 ad
337 619 481 706 Xystum
502 618 680 682 Romanum
704 618 736 682 S.
749 616 922 704 Dionysius
943 615 1175 681 Alexandrinus

125 705 175 769 hrs
197 704 311 784 verbis,
336 703 544 770 Ἐπέσταλκεν
568 705 625 784 μὲν
649 706 703 769 οὖν
726 703 936 790 (Stephanus)
959 700 1104 786 πρότερον
1127 703 1176 767 καὶ

125 793 195 875 περὶ
207 789 336 857 Ἑλένου
348 791 396 855 καὶ
409 790 530 856 πάντων
544 797 603 855 τῶν
616 816 650 855 τε
665 790 723 855 ἀπὸ
738 795 789 871 τῆς
803 791 938 858 Κιλικίας
952 790 1000 854 καὶ
1012 794 1174 854 Καππαδο-

127 879 190 946 κίας
209 878 257 942 καὶ
276 878 435 956 Γαλατίας,
452 878 490 944 ὣς
509 878 577 942 οὐδὲ
599 879 722 945 ἐκείνοις
739 876 937 957 κοινωνήσων,
954 879 1002 940 διὰ
1016 875 1070 955 τὴν
1084 876 1176 956 αὐτὴν

125 965 235 1045 ταύτην
259 965 367 1038 αἰτίαν,
393 963 493 1043 ἐπειδὴ
516 962 585 1032 τοὺς
606 965 778 1045 αἱρετίκονς,
801 963 907 1047 φασὶν,
930 962 1175 1042 ἀναβαπτίζονσι.

124 1049 213 1137 apud
227 1049 403 1114 Eusebium
418 1050 512 1113 Hiat.
525 1049 614 1114 Eeel.
628 1048 682 1113 vii.
692 1066 725 1136 5.

169 1137 206 1202 P.
220 1135 397 1203 221.l.20.
412 1157 559 1222 magnam
574 1134 745 1200 voluntatis
755 1133 926 1212 caritatem,
940 1133 973 1198 in
988 1157 1087 1198 unum
1103 1155 1176 1198 con-

125 1221 247 1311 venire]
269 1223 352 1288 Haec
374 1221 469 1286 verba
490 1221 605 1287 mendo
626 1244 690 1287 non
711 1245 816 1286 carere
837 1221 996 1286 videntur.
1042 1219 1128 1299 Quid
1150 1219 1176 1284 si

124 1331 183 1395 pro
205 1309 277 1388 isto,
294 1309 467 1373 voluntatis
480 1310 657 1386 caritatem,
671 1331 859 1396 reponamus
874 1309 1047 1372 volueratis
1059 1307 1176 1370 alacri-

125 1397 242 1459 tatem?
270 1396 372 1460 Extat
390 1393 475 1481 apud
497 1394 673 1481 apostolum
693 1395 726 1458 in
747 1394 853 1494 Epist.
868 1395 937 1482 ejus
949 1392 1120 1493 posteriore
1134 1392 1176 1456 ad

127 1481 307 1546 Corinthios
328 1483 347 1561 ἡ
368 1482 516 1564 προθυμία
536 1486 589 1546 τοῦ
611 1481 722 1559 θέλειν,
744 1481 796 1546 vil.
814 1501 873 1557 113
897 1495 929 1545 et
951 1504 984 1544 rn
1001 1481 1176 1545 Glaesaria

131 1569 207 1632 vett.
222 1567 319 1632 habes
331 1566 375 1631 ‘H
389 1569 550 1650 προθνμία,Ι
561 1568 725 1632 alacritas.

170 1655 211 1719 P.
228 1673 302 1721 222.
325 1653 347 1719 l.
363 1655 395 1718 6.
425 1653 515 1739 quasi
540 1676 603 1717 non
629 1667 752 1718 tantum
776 1676 876 1717 unum
904 1653 983 1802 &eq
1003 1652 1177 1716 Afferenda

124 1753 211 1817 sunt,
228 1764 300 1827 quae
317 1740 356 1804 de
371 1739 430 1803 hoc
445 1739 514 1804 loco
528 1739 651 1827 scripsit
665 1740 714 1804 vir
728 1739 872 1805 eruditus
891 1740 960 1804 Pru
984 1739 1087 1803 entius
1103 1740 1174 1802 Ma-

125 1847 221 1890 ranus
242 1827 275 1890 in
291 1826 365 1890 Vita
381 1828 414 1890 S.
431 1825 583 1914 Cypriani
599 1825 726 1891 editioni
743 1826 935 1906 Baluzianae,
954 1849 1009 1890 seu
1026 1824 1177 1890 Benedic-

127 1912 213 1992 tinae‚
229 1913 397 2000 praemissa.
421 1920 444 1952 “
456 1915 538 1977 Haec
553 1912 729 1978 Firmiliani
744 1912 874 2000 epistola
888 1936 961 1999 quae
977 1911 1092 1977 Latine
1106 1911 1177 1975 red-

127 2005 150 2038 “
166 1998 233 2062 dita
246 2014 333 2064 extat
347 2000 429 2064 inter
443 2001 493 2088 ey
518 1998 649 2075 rianicas
669 1999 899 2087 septuagesima
912 1998 1034 2085 quinta,
1051 1999 1094 2062 sic
1110 2000 1176 2085 Cy-

127 2091 151 2124 ‘⁴
165 2085 267 2173 priani
290 2085 396 2150 stilum
415 2024 548 2165 redoldt,
565 2100 601 2150 ut
619 2109 682 2153 non
703 2086 798 2150 alium
813 2086 1015 2172 interpretem
1030 2084 1177 2148 habuisse

126 2178 150 2210 “
165 2171 320 2237 videatur.
365 2171 467 2237 Fidus
481 2172 634 2260 interpres
650 2175 771 2238 Graecae
788 2171 905 2258 linguae
920 2170 1082 2257 ingenium
1097 2193 1176 2234 non-

127 2264 150 2297 “
165 2258 260 2322 nullis
273 2258 307 2322 in
320 2258 396 2322 locis
410 2258 550 2322 retinuit.
580 2258 683 2324 Paulo
696 2274 768 2346 post
785 2258 920 2335 initium,
936 2259 1178 2322 Contriatuutar

127 2351 150 2383 “
166 2344 300 2430 (angeli)
326 2345 452 2431 quando
480 2345 587 2409 videat
614 2346 757 2409 divorsas
782 2344 980 2431 quorundum
1005 2352 1123 2407 mentes
1147 2353 1178 2408 et

127 2436 151 2468 “
165 2432 281 2494 scissas
307 2432 493 2508 uoluntates,
518 2433 612 2516 quusi
637 2453 701 2495 αονι
726 2439 850 2494 tuntum
872 2451 974 2494 ιιααοα
995 2438 1025 2493 et
1045 2429 1177 2493 eundem

127 2521 150 2554 “
166 2516 273 2580 Deum
294 2517 392 2580 simul
418 2518 573 2595 invocent,
595 2518 651 2581 aad
677 2518 836 2604 separatis
863 2527 894 2581 et
921 2517 1038 2580 atauo
1065 2517 1105 2579 ah
1128 2517 1178 2579 iu-

127 2606 152 2640 “
167 2603 265 2665 vicem
279 2623 335 2666 nec
347 2603 560 2688 corffubulatio
568 2605 639 2692 jam
648 2605 754 2690 possit
768 2624 843 2682 ease,
857 2612 916 2667 cat
929 2623 1031 2667 aarum
1043 2623 1177 2666 commea-

129 2693 152 2726 “
166 2689 235 2762 αιός
256 2687 291 2752 id
309 2703 369 2768 est,
386 2688 477 2775 quasi
497 2711 561 2752 non
584 2702 707 2753 tantum
730 2711 830 2753 unum
851 2703 883 2753 et
908 2689 1045 2753 eundem
1069 2689 1177 2752 Deum

128 2781 151 2814 “
166 2773 259 2838 simul
274 2797 337 2840 non
350 2775 511 2850 invocent;
535 2788 786 2927 quaeepostrema
806 2774 932 2927 nefiatio
949 2797 1177 2862 nonnunquam

128 2867 151 2900 “
165 2860 323 2926 omittitur
333 2861 420 2949 apud
431 2861 600 2941 Latinos,s
652 2863 798 2950 saepiusa
821 2887 843 2927 u
879 2863 1036 2928 Grecos?
1048 2862 1176 2948 §.xxxi

126 2969 158 3034 p.
171 2946 276 3011 cxviii.
314 2951 404 3012 Tum
420 2948 524 3036 pergit
537 2948 586 3013 vir
603 2948 643 3013 cl.
658 2949 699 3014 ad
717 2886 892 3015 alioslocos
909 2948 1023 3014 similes
1038 2948 1177 3014 indican-

126 3032 199 3110 dos,
214 3032 256 3097 de
270 3035 387 3121 quibus
400 3034 510 3100 ordine
524 3058 581 3100 suo
594 3035 735 3123 posthac.

173 3120 211 3183 P.
224 3139 296 3208 223.
317 3120 340 3184 l.
353 3141 404 3203 24.
426 3121 627 3210 mandamus]
653 3124 726 3187 Ηοο
747 3145 806 3209 pro
827 3122 987 3209 praeterito
1008 3124 1177 3188 macedoni-

118 3224 198 3270 ‘mua
217 3229 257 3269 ex
276 3219 414 3293 quatuor
433 3207 526 3273 codd.
541 3208 663 3296 scriptis
677 3208 780 3296 posui,
796 3231 814 3271 e
828 3207 945 3295 quibus
965 3220 1028 3272 tres
1045 3208 1079 3273 in
1098 3209 1175 3274 edit.

127 3292 231 3391 Oxou.
252 3308 476 3375 memorantur,
492 3317 575 3361 unus
592 3317 689 3382 penes
710 3297 838 3360 Novum
861 3293 1039 3381 Collegium
1057 3295 1090 3359 in
1110 3297 1177 3360 Ox-

126 3400 202 3443 omo
216 3392 274 3443 est.

171 3467 211 3530 P.
225 3485 299 3547 224.
314 3464 334 3529 l.
347 3485 398 3535 αι.
414 3479 523 3554 postea
535 3466 689 3556 extitisse]
702 3468 820 3531 Verum
831 3466 891 3530 hoc
901 3479 959 3546 est,
972 3465 1104 3531 simodo
1116 3489 1178 3532 ser·

128 3573 180 3615 mo
193 3551 234 3616 sit
248 3552 288 3617 de
303 3551 456 3618 baereticis
469 3553 542 3633 illis,
553 3576 690 3641 quorum
706 3576 801 3618 causa
814 3565 884 3618 tum
897 3554 1046 3641 temporis
1059 3555 1177 3641 ageba·

128 3650 192 3716 tur,
208 3661 351 3726 quosque
364 3638 415 3704 hic
430 3640 571 3705 nominat
586 3639 798 3720 Firmilianus,
811 3639 947 3705 maxime
957 3639 1086 3727 quidem
1102 3654 1179 3704 tem-

128 3744 205 3809 pore
226 3725 294 3812 ejus
311 3725 509 3813 vigentibus3
535 3727 589 3792 sed
611 3751 703 3815 aeque
724 3750 835 3792 verum
855 3741 914 3806 est,
937 3727 1070 3791 haereses
1090 3727 1179 3792 haud

129 3807 233 3874 minus
247 3811 409 3908 pestiferas
423 3813 457 3878 in
470 3813 640 3901 apostolico
654 3837 723 3879 aevo
737 3813 886 3880 extitisse.
931 3813 1059 3901 Dignus
1072 3827 1179 3878 autem

128 3906 187 3974 est,
202 3918 258 3981 qur
277 3898 318 3962 de
337 3898 398 3964 hac
417 3923 456 3965 re
473 3899 653 3966 conferatur
667 3899 886 3966 Tertullianus
905 3923 1001 3989 supra
1019 3900 1052 3964 in
1069 3900 1124 3966 lib.
1141 3901 1180 3964 de

129 3980 269 4045 Praeacr'
293 3993 316 4048 t.
331 3986 456 4051 Haerct.
472 4008 509 4050 ca
556 4006 630 4073 .33.
645 4000 679 4051 et
691 4005 746 4073 34.

174 4066 260 4131 Ibid.
290 4114 299 4133 .
313 4071 363 4135 26.
388 4071 451 4136 Sed
465 4086 497 4137 et
540 4071 668 4137 alentini
679 4088 710 4138 et
726 4071 871 4138 Basilidis
885 4084 1010 4159 tempus
1025 4073 1095 4156 δια]
1114 4072 1179 4135 Va·

128 4151 184 4217 riae
199 4167 274 4218 sunt
287 4154 448 4242 opiniones
463 4158 604 4223 virorum
622 4158 787 4225 doctorum
809 4159 850 4224 de
873 4171 1012 4246 tempore
1026 4180 1092 4244 quo
1114 4159 1179 4222 Ba·

129 4237 234 4304 silides
248 4240 364 4328 dogma
379 4265 471 4308 suum
486 4245 709 4311 disseminavit.
743 4248 816 4325 Qua
830 4245 870 4310 de
884 4244 1093 4310 controversia
1107 4243 1180 4308 vide

128 4347 202 4410 quae
223 4326 316 4392 docte
336 4342 370 4393 et
391 4329 514 4396 erudite
535 4331 658 4419 scripsit
680 4331 799 4399 amicus
820 4331 893 4397 olim
916 4347 1021 4398 noster
1037 4331 1180 4396 loannes

625 4438 648 4484 B
664 4435 683 4484 2
