<?xml version="1.0" encoding="UTF-8"?>
<!DOCTYPE html PUBLIC "-//W3C//DTD XHTML 1.0 Transitional//EN"
    "http://www.w3.org/TR/xhtml1/DTD/xhtml1-transitional.dtd">
<html xmlns="http://www.w3.org/1999/xhtml" xml:lang="en" lang="en">
 <head>
  <title>
</title>
<meta http-equiv="Content-Type" content="text/html;charset=utf-8" />
  <meta name='ocr-system' content='tesseract 3.04.00' />
  <meta name='ocr-capabilities' content='ocr_page ocr_carea ocr_par ocr_line ocrx_word'/>
</head>
<body>
  <div class='ocr_page' id='page_1' title='image "./scriptorumeccle00unkngoog_0323.png"; bbox 0 0 2678 4830; ppageno 0'>
   <div class='ocr_carea' id='block_1_1' title="bbox 267 703 1051 811">
    <p class='ocr_par' dir='ltr' id='par_1_1' title="bbox 267 703 1051 811">
     <span class='ocr_line' id='line_1_1' title="bbox 267 703 1051 811; baseline -0.001 -2"><span class='ocrx_word' id='word_1_1' title='bbox 267 709 316 809; x_wconf 91' lang='lat' dir='ltr'><strong>S.</strong></span> <span class='ocrx_word' id='word_1_2' title='bbox 347 705 642 811; x_wconf 89' lang='lat' dir='ltr'><strong>CAECILII</strong></span> <span class='ocrx_word' id='word_1_3' title='bbox 676 703 1051 809; x_wconf 89' lang='lat' dir='ltr'>CYPRIANI</span> 
     </span>
    </p>
   </div>
   <div class='ocr_carea' id='block_1_2' title="bbox 599 952 703 994">
    <p class='ocr_par' dir='ltr' id='par_1_2' title="bbox 599 952 703 994">
     <span class='ocr_line' id='line_1_2' title="bbox 599 952 703 994; baseline 0 0"><span class='ocrx_word' id='word_1_4' title='bbox 599 952 703 994; x_wconf 76' lang='lat' dir='ltr'><strong>Lluuu</strong></span> 
     </span>
    </p>
   </div>
   <div class='ocr_carea' id='block_1_3' title="bbox 330 1115 974 1200">
    <p class='ocr_par' dir='ltr' id='par_1_3' title="bbox 330 1115 974 1200">
     <span class='ocr_line' id='line_1_3' title="bbox 330 1115 974 1200; baseline 0 -2"><span class='ocrx_word' id='word_1_5' title='bbox 330 1117 411 1199; x_wconf 90' lang='lat' dir='ltr'><strong>DE</strong></span> <span class='ocrx_word' id='word_1_6' title='bbox 442 1116 596 1200; x_wconf 90' lang='lat' dir='ltr'>ZELO</span> <span class='ocrx_word' id='word_1_7' title='bbox 625 1117 704 1198; x_wconf 87' lang='lat' dir='ltr'><strong>ET</strong></span> <span class='ocrx_word' id='word_1_8' title='bbox 736 1115 974 1199; x_wconf 85' lang='lat' dir='ltr'><strong>LIVORE.·</strong></span> 
     </span>
    </p>
   </div>
   <div class='ocr_carea' id='block_1_4' title="bbox 505 1374 788 1425">
    <p class='ocr_par' dir='ltr' id='par_1_4' title="bbox 505 1374 788 1425">
     <span class='ocr_line' id='line_1_4' title="bbox 505 1374 788 1425; baseline 0 -15"><span class='ocrx_word' id='word_1_9' title='bbox 505 1374 788 1425; x_wconf 54' lang='grc' dir='ltr'>...φ-..-</span> 
     </span>
    </p>
   </div>
   <div class='ocr_carea' id='block_1_5' title="bbox 125 1536 1186 1673">
    <p class='ocr_par' dir='ltr' id='par_1_5' title="bbox 125 1536 1186 1673">
     <span class='ocr_line' id='line_1_5' title="bbox 125 1536 1186 1673; baseline 0.002 -25"><span class='ocrx_word' id='word_1_10' title='bbox 125 1576 157 1648; x_wconf 93' lang='grc' dir='ltr'><strong>Ι.</strong></span> <span class='ocrx_word' id='word_1_11' title='bbox 178 1536 406 1649; x_wconf 81' lang='lat' dir='ltr'><strong>ZELARE</strong></span> <span class='ocrx_word' id='word_1_12' title='bbox 429 1575 525 1673; x_wconf 92' lang='lat' dir='ltr'><strong>quod</strong></span> <span class='ocrx_word' id='word_1_13' title='bbox 551 1577 687 1648; x_wconf 93' lang='lat' dir='ltr'><strong>bonum</strong></span> <span class='ocrx_word' id='word_1_14' title='bbox 712 1574 832 1647; x_wconf 84' lang='lat' dir='ltr'><strong>videas</strong></span> <span class='ocrx_word' id='word_1_15' title='bbox 855 1586 892 1647; x_wconf 93' lang='lat' dir='ltr'><strong>et</strong></span> <span class='ocrx_word' id='word_1_16' title='bbox 915 1572 1080 1649; x_wconf 89' lang='lat' dir='ltr'><strong>invidere</strong></span> <span class='ocrx_word' id='word_1_17' title='bbox 1105 1602 1186 1650; x_wconf 90' lang='lat' dir='ltr'><strong>me-</strong></span> 
     </span>
    </p>
   </div>
   <div class='ocr_carea' id='block_1_6' title="bbox 121 1689 1309 3759">
    <p class='ocr_par' dir='ltr' id='par_1_6' title="bbox 121 1689 1309 3759">
     <span class='ocr_line' id='line_1_6' title="bbox 124 1689 1309 1790; baseline 0.003 -28"><span class='ocrx_word' id='word_1_18' title='bbox 124 1692 274 1764; x_wconf 90' lang='lat' dir='ltr'><strong>lioribus</strong></span> <span class='ocrx_word' id='word_1_19' title='bbox 298 1692 375 1765; x_wconf 88' lang='lat' dir='ltr'><strong>leve</strong></span> <span class='ocrx_word' id='word_1_20' title='bbox 399 1690 493 1790; x_wconf 88' lang='lat' dir='ltr'><strong>apud</strong></span> <span class='ocrx_word' id='word_1_21' title='bbox 512 1691 687 1789; x_wconf 87' lang='lat' dir='ltr'><strong>quosdam</strong></span> <span class='ocrx_word' id='word_1_22' title='bbox 706 1703 743 1763; x_wconf 91' lang='lat' dir='ltr'><strong>et</strong></span> <span class='ocrx_word' id='word_1_23' title='bbox 761 1689 943 1764; x_wconf 89' lang='lat' dir='ltr'><strong>modicum</strong></span> <span class='ocrx_word' id='word_1_24' title='bbox 962 1691 1107 1765; x_wconf 81' lang='lat' dir='ltr'>crimen</span> <span class='ocrx_word' id='word_1_25' title='bbox 1126 1693 1182 1766; x_wconf 88' lang='lat' dir='ltr'><strong>vi·</strong></span> <span class='ocrx_word' id='word_1_26' title='bbox 1189 1721 1206 1781; x_wconf 85' lang='lat'>5</span> <span class='ocrx_word' id='word_1_27' title='bbox 1307 1690 1309 1703; x_wconf 85' lang='lat'>&#39;</span> 
     </span>
     <span class='ocr_line' id='line_1_7' title="bbox 124 1804 1180 1904; baseline 0.003 -26"><span class='ocrx_word' id='word_1_28' title='bbox 124 1804 239 1897; x_wconf 89' lang='lat' dir='ltr'><strong>detur,</strong></span> <span class='ocrx_word' id='word_1_29' title='bbox 256 1808 381 1880; x_wconf 80' lang='lat' dir='ltr'><strong>iratres</strong></span> <span class='ocrx_word' id='word_1_30' title='bbox 398 1805 643 1890; x_wconf 88' lang='lat' dir='ltr'><strong>dilectissimi;</strong></span> <span class='ocrx_word' id='word_1_31' title='bbox 670 1806 831 1904; x_wconf 89' lang='lat' dir='ltr'><strong>dumque</strong></span> <span class='ocrx_word' id='word_1_32' title='bbox 848 1806 1081 1880; x_wconf 81' lang='lat' dir='ltr'><strong>existimatur</strong></span> <span class='ocrx_word' id='word_1_33' title='bbox 1097 1808 1180 1882; x_wconf 88' lang='lat' dir='ltr'><strong>leve</strong></span> 
     </span>
     <span class='ocr_line' id='line_1_8' title="bbox 124 1921 1180 2011; baseline 0.002 -16"><span class='ocrx_word' id='word_1_34' title='bbox 124 1949 202 1996; x_wconf 87' lang='lat' dir='ltr'><strong>esse</strong></span> <span class='ocrx_word' id='word_1_35' title='bbox 226 1937 263 1996; x_wconf 91' lang='lat' dir='ltr'><strong>et</strong></span> <span class='ocrx_word' id='word_1_36' title='bbox 288 1922 485 2011; x_wconf 90' lang='lat' dir='ltr'><strong>modicum,</strong></span> <span class='ocrx_word' id='word_1_37' title='bbox 511 1948 584 1993; x_wconf 90' lang='lat' dir='ltr'><strong>nou</strong></span> <span class='ocrx_word' id='word_1_38' title='bbox 610 1921 778 2007; x_wconf 91' lang='lat' dir='ltr'><strong>timetur;</strong></span> <span class='ocrx_word' id='word_1_39' title='bbox 805 1922 892 1995; x_wconf 91' lang='lat' dir='ltr'><strong>dum</strong></span> <span class='ocrx_word' id='word_1_40' title='bbox 920 1947 994 1993; x_wconf 92' lang='lat' dir='ltr'><strong>non</strong></span> <span class='ocrx_word' id='word_1_41' title='bbox 1022 1923 1180 1997; x_wconf 90' lang='lat' dir='ltr'><strong>timetur</strong></span> 
     </span>
     <span class='ocr_line' id='line_1_9' title="bbox 123 2037 1177 2130; baseline 0 -18"><span class='ocrx_word' id='word_1_42' title='bbox 123 2039 387 2123; x_wconf 87' lang='lat' dir='ltr'><strong>contemnitur;</strong></span> <span class='ocrx_word' id='word_1_43' title='bbox 413 2037 501 2111; x_wconf 92' lang='lat' dir='ltr'><strong>dum</strong></span> <span class='ocrx_word' id='word_1_44' title='bbox 526 2038 780 2127; x_wconf 81' lang='lat' dir='ltr'><strong>contemnitur,</strong></span> <span class='ocrx_word' id='word_1_45' title='bbox 800 2064 873 2110; x_wconf 94' lang='lat' dir='ltr'><strong>non</strong></span> <span class='ocrx_word' id='word_1_46' title='bbox 897 2037 1001 2110; x_wconf 86' lang='lat' dir='ltr'><strong>facile</strong></span> <span class='ocrx_word' id='word_1_47' title='bbox 1026 2037 1177 2130; x_wconf 79' lang='lat' dir='ltr'><strong>vitatur,</strong></span> 
     </span>
     <span class='ocr_line' id='line_1_10' title="bbox 121 2152 1175 2253; baseline 0 -25"><span class='ocrx_word' id='word_1_48' title='bbox 121 2168 159 2228; x_wconf 91' lang='lat' dir='ltr'><strong>et</strong></span> <span class='ocrx_word' id='word_1_49' title='bbox 185 2156 227 2228; x_wconf 83' lang='lat' dir='ltr'><strong>fit</strong></span> <span class='ocrx_word' id='word_1_50' title='bbox 252 2182 353 2229; x_wconf 84' lang='lat' dir='ltr'><strong>eoeca</strong></span> <span class='ocrx_word' id='word_1_51' title='bbox 376 2168 412 2228; x_wconf 90' lang='lat' dir='ltr'><strong>et</strong></span> <span class='ocrx_word' id='word_1_52' title='bbox 436 2155 579 2228; x_wconf 85' lang='lat' dir='ltr'><strong>occulta</strong></span> <span class='ocrx_word' id='word_1_53' title='bbox 603 2154 801 2253; x_wconf 83' lang='lat' dir='ltr'><strong>pernicies:</strong></span> <span class='ocrx_word' id='word_1_54' title='bbox 829 2179 909 2252; x_wconf 81' lang='lat' dir='ltr'><strong>quae</strong></span> <span class='ocrx_word' id='word_1_55' title='bbox 935 2152 1024 2227; x_wconf 93' lang='lat' dir='ltr'><strong>dum</strong></span> <span class='ocrx_word' id='word_1_56' title='bbox 1050 2154 1175 2228; x_wconf 89' lang='lat' dir='ltr'><strong>minus</strong></span> 
     </span>
     <span class='ocr_line' id='line_1_11' title="bbox 123 2269 1221 2371; baseline -0.002 -27"><span class='ocrx_word' id='word_1_57' title='bbox 123 2273 336 2371; x_wconf 84' lang='lat' dir='ltr'><strong>perspicitur</strong></span> <span class='ocrx_word' id='word_1_58' title='bbox 359 2285 400 2345; x_wconf 91' lang='lat' dir='ltr'><strong>ut</strong></span> <span class='ocrx_word' id='word_1_59' title='bbox 421 2271 537 2344; x_wconf 84' lang='lat' dir='ltr'><strong>caveri</strong></span> <span class='ocrx_word' id='word_1_60' title='bbox 561 2298 582 2343; x_wconf 84' lang='lat' dir='ltr'>a</span> <span class='ocrx_word' id='word_1_61' title='bbox 605 2269 875 2370; x_wconf 88' lang='lat' dir='ltr'><strong>providentibus</strong></span> <span class='ocrx_word' id='word_1_62' title='bbox 894 2269 1017 2368; x_wconf 86' lang='lat' dir='ltr'><strong>possit,</strong></span> <span class='ocrx_word' id='word_1_63' title='bbox 1034 2269 1174 2371; x_wconf 90' lang='lat' dir='ltr'><strong>impro-</strong></span> <span class='ocrx_word' id='word_1_64' title='bbox 1187 2304 1221 2344; x_wconf 92' lang='lat'><strong>10</strong></span> 
     </span>
     <span class='ocr_line' id='line_1_12' title="bbox 121 2385 1174 2484; baseline 0.001 -25"><span class='ocrx_word' id='word_1_65' title='bbox 121 2386 222 2460; x_wconf 82' lang='lat' dir='ltr'><strong>vidus</strong></span> <span class='ocrx_word' id='word_1_66' title='bbox 247 2401 385 2461; x_wconf 88' lang='lat' dir='ltr'><strong>mentes</strong></span> <span class='ocrx_word' id='word_1_67' title='bbox 409 2390 560 2460; x_wconf 84' lang='lat' dir='ltr'><strong>latenter</strong></span> <span class='ocrx_word' id='word_1_68' title='bbox 581 2387 715 2484; x_wconf 84' lang='lat' dir='ltr'><strong>affligit.</strong></span> <span class='ocrx_word' id='word_1_69' title='bbox 767 2386 875 2458; x_wconf 91' lang='lat' dir='ltr'><strong>Porro</strong></span> <span class='ocrx_word' id='word_1_70' title='bbox 896 2399 1015 2458; x_wconf 83' lang='lat' dir='ltr'><strong>autem</strong></span> <span class='ocrx_word' id='word_1_71' title='bbox 1038 2385 1174 2460; x_wconf 92' lang='lat' dir='ltr'><strong>Domi-</strong></span> 
     </span>
     <span class='ocr_line' id='line_1_13' title="bbox 122 2502 1173 2602; baseline 0.002 -27"><span class='ocrx_word' id='word_1_72' title='bbox 122 2529 190 2576; x_wconf 90' lang='lat' dir='ltr'><strong>nus</strong></span> <span class='ocrx_word' id='word_1_73' title='bbox 213 2504 407 2602; x_wconf 90' lang='lat' dir='ltr'><strong>prudentes</strong></span> <span class='ocrx_word' id='word_1_74' title='bbox 430 2531 506 2577; x_wconf 89' lang='lat' dir='ltr'><strong>esse</strong></span> <span class='ocrx_word' id='word_1_75' title='bbox 529 2530 593 2575; x_wconf 92' lang='lat' dir='ltr'><strong>nos</strong></span> <span class='ocrx_word' id='word_1_76' title='bbox 613 2503 733 2599; x_wconf 89' lang='lat' dir='ltr'><strong>jussit,</strong></span> <span class='ocrx_word' id='word_1_77' title='bbox 751 2516 787 2576; x_wconf 91' lang='lat' dir='ltr'><strong>et</strong></span> <span class='ocrx_word' id='word_1_78' title='bbox 805 2517 911 2576; x_wconf 84' lang='lat' dir='ltr'><strong>cauta</strong></span> <span class='ocrx_word' id='word_1_79' title='bbox 928 2502 1173 2577; x_wconf 87' lang='lat' dir='ltr'><strong>sollicitudine</strong></span> 
     </span>
     <span class='ocr_line' id='line_1_14' title="bbox 122 2618 1175 2719; baseline 0.002 -27"><span class='ocrx_word' id='word_1_80' title='bbox 122 2620 268 2718; x_wconf 85' lang='lat' dir='ltr'><strong>vigilare</strong></span> <span class='ocrx_word' id='word_1_81' title='bbox 290 2620 462 2718; x_wconf 80' lang='lat' dir='ltr'><strong>praecepit</strong></span> <span class='ocrx_word' id='word_1_82' title='bbox 484 2646 530 2693; x_wconf 92' lang='lat' dir='ltr'><strong>ne</strong></span> <span class='ocrx_word' id='word_1_83' title='bbox 553 2620 772 2692; x_wconf 84' lang='lat' dir='ltr'><strong>adversarius</strong></span> <span class='ocrx_word' id='word_1_84' title='bbox 796 2618 947 2717; x_wconf 87' lang='lat' dir='ltr'><strong>vigilans</strong></span> <span class='ocrx_word' id='word_1_85' title='bbox 971 2645 1117 2719; x_wconf 87' lang='lat' dir='ltr'><strong>semper</strong></span> <span class='ocrx_word' id='word_1_86' title='bbox 1137 2634 1175 2695; x_wconf 90' lang='lat' dir='ltr'><strong>et</strong></span> 
     </span>
     <span class='ocr_line' id='line_1_15' title="bbox 122 2733 1176 2834; baseline 0.003 -28"><span class='ocrx_word' id='word_1_87' title='bbox 122 2762 265 2833; x_wconf 83' lang='lat' dir='ltr'><strong>semper</strong></span> <span class='ocrx_word' id='word_1_88' title='bbox 286 2735 470 2824; x_wconf 87' lang='lat' dir='ltr'><strong>insidians,</strong></span> <span class='ocrx_word' id='word_1_89' title='bbox 488 2735 549 2808; x_wconf 90' lang='lat' dir='ltr'><strong>ubi</strong></span> <span class='ocrx_word' id='word_1_90' title='bbox 572 2735 610 2807; x_wconf 94' lang='lat' dir='ltr'><strong>in</strong></span> <span class='ocrx_word' id='word_1_91' title='bbox 634 2749 760 2834; x_wconf 87' lang='lat' dir='ltr'><strong>pectus</strong></span> <span class='ocrx_word' id='word_1_92' title='bbox 783 2735 993 2833; x_wconf 87' lang='lat' dir='ltr'><strong>obrepserit,</strong></span> <span class='ocrx_word' id='word_1_93' title='bbox 1009 2733 1055 2806; x_wconf 90' lang='lat' dir='ltr'><strong>de</strong></span> <span class='ocrx_word' id='word_1_94' title='bbox 1076 2737 1176 2809; x_wconf 89' lang='lat' dir='ltr'><strong>scin-</strong></span> 
     </span>
     <span class='ocr_line' id='line_1_16' title="bbox 122 2849 1219 2951; baseline 0.003 -30"><span class='ocrx_word' id='word_1_95' title='bbox 122 2849 210 2921; x_wconf 82' lang='lat' dir='ltr'><strong>tillis</strong></span> <span class='ocrx_word' id='word_1_96' title='bbox 234 2852 365 2922; x_wconf 89' lang='lat' dir='ltr'><strong>conflet</strong></span> <span class='ocrx_word' id='word_1_97' title='bbox 386 2850 564 2937; x_wconf 83' lang='lat' dir='ltr'><strong>incendia,</strong></span> <span class='ocrx_word' id='word_1_98' title='bbox 581 2849 626 2921; x_wconf 91' lang='lat' dir='ltr'><strong>de</strong></span> <span class='ocrx_word' id='word_1_99' title='bbox 644 2852 761 2948; x_wconf 90' lang='lat' dir='ltr'><strong>parvis</strong></span> <span class='ocrx_word' id='word_1_100' title='bbox 780 2851 940 2923; x_wconf 85' lang='lat' dir='ltr'><strong>maxima</strong></span> <span class='ocrx_word' id='word_1_101' title='bbox 957 2866 1219 2951; x_wconf 81' lang='lat' dir='ltr'><strong>exaggeret315</strong></span> 
     </span>
     <span class='ocr_line' id='line_1_17' title="bbox 122 2964 1175 3044; baseline 0.008 -8"><span class='ocrx_word' id='word_1_102' title='bbox 122 2977 160 3036; x_wconf 91' lang='lat' dir='ltr'><strong>et</strong></span> <span class='ocrx_word' id='word_1_103' title='bbox 187 2964 274 3037; x_wconf 92' lang='lat' dir='ltr'><strong>dum</strong></span> <span class='ocrx_word' id='word_1_104' title='bbox 306 2964 462 3036; x_wconf 88' lang='lat' dir='ltr'><strong>remissis</strong></span> <span class='ocrx_word' id='word_1_105' title='bbox 493 2978 529 3037; x_wconf 88' lang='lat' dir='ltr'><strong>ct</strong></span> <span class='ocrx_word' id='word_1_106' title='bbox 558 2966 710 3038; x_wconf 84' lang='lat' dir='ltr'><strong>incautis</strong></span> <span class='ocrx_word' id='word_1_107' title='bbox 741 2967 874 3039; x_wconf 90' lang='lat' dir='ltr'><strong>leniore</strong></span> <span class='ocrx_word' id='word_1_108' title='bbox 904 2994 988 3040; x_wconf 83' lang='lat' dir='ltr'><strong>aura</strong></span> <span class='ocrx_word' id='word_1_109' title='bbox 1013 2980 1050 3038; x_wconf 92' lang='lat' dir='ltr'><strong>et</strong></span> <span class='ocrx_word' id='word_1_110' title='bbox 1081 2969 1175 3044; x_wconf 83' lang='lat' dir='ltr'><strong>flatu</strong></span> 
     </span>
     <span class='ocr_line' id='line_1_18' title="bbox 123 3079 1174 3180; baseline 0.004 -28"><span class='ocrx_word' id='word_1_111' title='bbox 123 3079 285 3153; x_wconf 87' lang='lat' dir='ltr'><strong>molliore</strong></span> <span class='ocrx_word' id='word_1_112' title='bbox 307 3079 498 3165; x_wconf 86' lang='lat' dir='ltr'><strong>blanditur,</strong></span> <span class='ocrx_word' id='word_1_113' title='bbox 517 3079 681 3180; x_wconf 87' lang='lat' dir='ltr'><strong>procellis</strong></span> <span class='ocrx_word' id='word_1_114' title='bbox 705 3107 746 3153; x_wconf 86' lang='lat' dir='ltr'><strong>ac</strong></span> <span class='ocrx_word' id='word_1_115' title='bbox 769 3081 973 3154; x_wconf 89' lang='lat' dir='ltr'><strong>turbinibus</strong></span> <span class='ocrx_word' id='word_1_116' title='bbox 990 3081 1174 3174; x_wconf 84' lang='lat' dir='ltr'><strong>excitatis,</strong></span> 
     </span>
     <span class='ocr_line' id='line_1_19' title="bbox 122 3197 1173 3296; baseline 0.004 -28"><span class='ocrx_word' id='word_1_117' title='bbox 122 3198 242 3271; x_wconf 88' lang='lat' dir='ltr'><strong>ruinas</strong></span> <span class='ocrx_word' id='word_1_118' title='bbox 270 3197 352 3270; x_wconf 85' lang='lat' dir='ltr'><strong>fidei</strong></span> <span class='ocrx_word' id='word_1_119' title='bbox 380 3212 416 3270; x_wconf 93' lang='lat' dir='ltr'><strong>et</strong></span> <span class='ocrx_word' id='word_1_120' title='bbox 443 3197 565 3270; x_wconf 88' lang='lat' dir='ltr'><strong>salutis</strong></span> <span class='ocrx_word' id='word_1_121' title='bbox 594 3223 634 3268; x_wconf 86' lang='lat' dir='ltr'><strong>ac</strong></span> <span class='ocrx_word' id='word_1_122' title='bbox 664 3197 749 3270; x_wconf 86' lang='lat' dir='ltr'><strong>vitae</strong></span> <span class='ocrx_word' id='word_1_123' title='bbox 776 3198 961 3296; x_wconf 84' lang='lat' dir='ltr'><strong>naufragia</strong></span> <span class='ocrx_word' id='word_1_124' title='bbox 988 3197 1173 3272; x_wconf 86' lang='lat' dir='ltr'><strong>moliatur.</strong></span> 
     </span>
     <span class='ocr_line' id='line_1_20' title="bbox 121 3304 1172 3413; baseline 0.003 -29"><span class='ocrx_word' id='word_1_125' title='bbox 121 3312 387 3386; x_wconf 87' lang='lat' dir='ltr'><strong>Excubandum</strong></span> <span class='ocrx_word' id='word_1_126' title='bbox 415 3327 469 3386; x_wconf 91' lang='lat' dir='ltr'><strong>est</strong></span> <span class='ocrx_word' id='word_1_127' title='bbox 494 3316 625 3413; x_wconf 84' lang='lat' dir='ltr'><strong>itaque,</strong></span> <span class='ocrx_word' id='word_1_128' title='bbox 640 3304 774 3387; x_wconf 52' lang='lat' dir='ltr'><strong>&#39;fratres</strong></span> <span class='ocrx_word' id='word_1_129' title='bbox 800 3312 1035 3402; x_wconf 89' lang='lat' dir='ltr'><strong>dilectissimi,</strong></span> <span class='ocrx_word' id='word_1_130' title='bbox 1059 3325 1172 3411; x_wconf 87' lang='lat' dir='ltr'><strong>atque</strong></span> 
     </span>
     <span class='ocr_line' id='line_1_21' title="bbox 121 3427 1222 3519; baseline 0.005 -21"><span class='ocrx_word' id='word_1_131' title='bbox 121 3428 290 3501; x_wconf 90' lang='lat' dir='ltr'><strong>omnibus</strong></span> <span class='ocrx_word' id='word_1_132' title='bbox 316 3429 450 3502; x_wconf 87' lang='lat' dir='ltr'><strong>viribus</strong></span> <span class='ocrx_word' id='word_1_133' title='bbox 475 3429 730 3502; x_wconf 85' lang='lat' dir='ltr'><strong>elaborandum</strong></span> <span class='ocrx_word' id='word_1_134' title='bbox 755 3441 797 3502; x_wconf 89' lang='lat' dir='ltr'><strong>ut</strong></span> <span class='ocrx_word' id='word_1_135' title='bbox 820 3429 969 3503; x_wconf 92' lang='lat' dir='ltr'><strong>inimico</strong></span> <span class='ocrx_word' id='word_1_136' title='bbox 994 3427 1170 3519; x_wconf 86' lang='lat' dir='ltr'><strong>saevienti,</strong></span> <span class='ocrx_word' id='word_1_137' title='bbox 1182 3465 1222 3504; x_wconf 90' lang='lat'><strong>20</strong></span> 
     </span>
     <span class='ocr_line' id='line_1_22' title="bbox 121 3543 1168 3645; baseline 0.001 -29"><span class='ocrx_word' id='word_1_138' title='bbox 121 3556 159 3616; x_wconf 91' lang='lat' dir='ltr'><strong>et</strong></span> <span class='ocrx_word' id='word_1_139' title='bbox 169 3543 291 3639; x_wconf 87' lang='lat' dir='ltr'><strong>jacula</strong></span> <span class='ocrx_word' id='word_1_140' title='bbox 304 3571 367 3616; x_wconf 87' lang='lat' dir='ltr'><strong>sua</strong></span> <span class='ocrx_word' id='word_1_141' title='bbox 380 3545 415 3615; x_wconf 91' lang='lat' dir='ltr'><strong>in</strong></span> <span class='ocrx_word' id='word_1_142' title='bbox 432 3571 490 3616; x_wconf 92' lang='lat' dir='ltr'><strong>om</strong></span> <span class='ocrx_word' id='word_1_143' title='bbox 496 3572 557 3616; x_wconf 91' lang='lat' dir='ltr'><strong>nes</strong></span> <span class='ocrx_word' id='word_1_144' title='bbox 571 3544 729 3643; x_wconf 90' lang='lat' dir='ltr'><strong>corporis</strong></span> <span class='ocrx_word' id='word_1_145' title='bbox 747 3559 864 3645; x_wconf 87' lang='lat' dir='ltr'><strong>partes</strong></span> <span class='ocrx_word' id='word_1_146' title='bbox 878 3545 1009 3643; x_wconf 80' lang='lat' dir='ltr'><strong>quibus</strong></span> <span class='ocrx_word' id='word_1_147' title='bbox 1027 3548 1168 3642; x_wconf 87' lang='lat' dir='ltr'><strong>percuti</strong></span> 
     </span>
     <span class='ocr_line' id='line_1_23' title="bbox 121 3658 1169 3759; baseline 0.002 -26"><span class='ocrx_word' id='word_1_148' title='bbox 121 3672 158 3733; x_wconf 87' lang='lat' dir='ltr'><strong>et</strong></span> <span class='ocrx_word' id='word_1_149' title='bbox 186 3659 362 3730; x_wconf 86' lang='lat' dir='ltr'><strong>vulnerari</strong></span> <span class='ocrx_word' id='word_1_150' title='bbox 392 3686 584 3757; x_wconf 91' lang='lat' dir='ltr'><strong>possumus</strong></span> <span class='ocrx_word' id='word_1_151' title='bbox 612 3658 792 3756; x_wconf 84' lang='lat' dir='ltr'><strong>dirigenti,</strong></span> <span class='ocrx_word' id='word_1_152' title='bbox 819 3661 971 3734; x_wconf 88' lang='lat' dir='ltr'><strong>sollicita</strong></span> <span class='ocrx_word' id='word_1_153' title='bbox 996 3676 1032 3732; x_wconf 92' lang='lat' dir='ltr'><strong>et</strong></span> <span class='ocrx_word' id='word_1_154' title='bbox 1059 3660 1169 3759; x_wconf 78' lang='lat' dir='ltr'><strong>plena</strong></span> 
     </span>
    </p>
   </div>
   <div class='ocr_carea' id='block_1_7' title="bbox 120 3775 1215 4224">
    <p class='ocr_par' dir='ltr' id='par_1_7' title="bbox 120 3775 1215 4224">
     <span class='ocr_line' id='line_1_24' title="bbox 120 3775 1168 3877; baseline -0.001 -28"><span class='ocrx_word' id='word_1_155' title='bbox 120 3775 305 3877; x_wconf 83' lang='lat' dir='ltr'><strong>vigilantia</strong></span> <span class='ocrx_word' id='word_1_156' title='bbox 326 3802 583 3874; x_wconf 84' lang='lat' dir='ltr'><strong>repugnemus,</strong></span> <span class='ocrx_word' id='word_1_157' title='bbox 602 3776 801 3849; x_wconf 87' lang='lat' dir='ltr'><strong>secundum</strong></span> <span class='ocrx_word' id='word_1_158' title='bbox 819 3775 914 3874; x_wconf 90' lang='lat' dir='ltr'><strong>quod</strong></span> <span class='ocrx_word' id='word_1_159' title='bbox 939 3777 1063 3849; x_wconf 91' lang='lat' dir='ltr'><strong>Petrus</strong></span> <span class='ocrx_word' id='word_1_160' title='bbox 1082 3803 1168 3875; x_wconf 87' lang='lat' dir='ltr'><strong>apo-</strong></span> 
     </span>
     <span class='ocr_line' id='line_1_25' title="bbox 121 3890 1167 3991; baseline 0.001 -26"><span class='ocrx_word' id='word_1_161' title='bbox 121 3894 232 3966; x_wconf 89' lang='lat' dir='ltr'><strong>stolus</strong></span> <span class='ocrx_word' id='word_1_162' title='bbox 259 3892 295 3965; x_wconf 89' lang='lat' dir='ltr'><strong>in</strong></span> <span class='ocrx_word' id='word_1_163' title='bbox 322 3892 473 3990; x_wconf 83' lang='lat' dir='ltr'><strong>epistola</strong></span> <span class='ocrx_word' id='word_1_164' title='bbox 499 3919 563 3964; x_wconf 90' lang='lat' dir='ltr'><strong>sua</strong></span> <span class='ocrx_word' id='word_1_165' title='bbox 587 3906 787 3991; x_wconf 88' lang='lat' dir='ltr'><strong>praemonet</strong></span> <span class='ocrx_word' id='word_1_166' title='bbox 812 3905 848 3964; x_wconf 91' lang='lat' dir='ltr'><strong>et</strong></span> <span class='ocrx_word' id='word_1_167' title='bbox 878 3891 993 3982; x_wconf 90' lang='lat' dir='ltr'><strong>docet,</strong></span> <span class='ocrx_word' id='word_1_168' title='bbox 1019 3890 1167 3966; x_wconf 89' lang='lat' dir='ltr'><strong>dicens:</strong></span> 
     </span>
     <span class='ocr_line' id='line_1_26' title="bbox 123 4008 1215 4108; baseline -0.001 -25"><span class='ocrx_word' id='word_1_169' title='bbox 123 4011 245 4084; x_wconf 84' lang='lat' dir='ltr'><strong>Sobrii</strong></span> <span class='ocrx_word' id='word_1_170' title='bbox 275 4019 388 4082; x_wconf 83' lang='lat' dir='ltr'><strong>estote</strong></span> <span class='ocrx_word' id='word_1_171' title='bbox 415 4019 451 4082; x_wconf 83' lang='lat' dir='ltr'><strong>et</strong></span> <span class='ocrx_word' id='word_1_172' title='bbox 480 4008 644 4108; x_wconf 83' lang='lat' dir='ltr'><strong>vigilate,</strong></span> <span class='ocrx_word' id='word_1_173' title='bbox 670 4010 758 4108; x_wconf 83' lang='lat' dir='ltr'><strong>qnia</strong></span> <span class='ocrx_word' id='word_1_174' title='bbox 787 4009 1022 4081; x_wconf 79' lang='lat' dir='ltr'><strong>adversarius</strong></span> <span class='ocrx_word' id='word_1_175' title='bbox 1046 4018 1215 4101; x_wconf 80' lang='lat' dir='ltr'><strong>vester25</strong></span> 
     </span>
     <span class='ocr_line' id='line_1_27' title="bbox 121 4123 1168 4224; baseline 0.001 -28"><span class='ocrx_word' id='word_1_176' title='bbox 121 4125 285 4200; x_wconf 80' lang='lat' dir='ltr'><strong>diabolus</strong></span> <span class='ocrx_word' id='word_1_177' title='bbox 308 4136 482 4223; x_wconf 82' lang='lat' dir='ltr'><strong>tanquam</strong></span> <span class='ocrx_word' id='word_1_178' title='bbox 501 4123 555 4197; x_wconf 80' lang='lat' dir='ltr'><strong>leo</strong></span> <span class='ocrx_word' id='word_1_179' title='bbox 573 4125 722 4224; x_wconf 81' lang='lat' dir='ltr'><strong>rugiens</strong></span> <span class='ocrx_word' id='word_1_180' title='bbox 739 4123 868 4197; x_wconf 83' lang='lat' dir='ltr'><strong>circuit</strong></span> <span class='ocrx_word' id='word_1_181' title='bbox 884 4123 1044 4223; x_wconf 83' lang='lat' dir='ltr'><strong>aliquem</strong></span> <span class='ocrx_word' id='word_1_182' title='bbox 1062 4124 1168 4198; x_wconf 85' lang='lat' dir='ltr'><strong>devo-</strong></span> 
     </span>
    </p>
   </div>
   <div class='ocr_carea' id='block_1_8' title="bbox 0 0 1344 4830">
    <p class='ocr_par' dir='ltr' id='par_1_8' title="bbox 0 0 1344 4830">
     <span class='ocr_line' id='line_1_28' title="bbox 0 0 1344 4830; baseline 0 1"><span class='ocrx_word' id='word_1_183' title='bbox 0 0 1344 4830; x_wconf 95' lang='lat' dir='ltr'><strong> </strong></span> 
     </span>
    </p>
   </div>
  </div>
 </body>
</html>
