2678 4830
490 313 555 376 DE
579 311 842 378 ORATIONE.
1128 316 1192 381 105

144 486 188 558 ad
207 485 355 571 coelum,
372 507 527 579 quorum
551 484 773 583 proecipuum
795 495 862 572 est,
878 508 926 554 ne
947 482 1045 581 prius
1067 510 1191 557 ascen·
1173 510 1291 618 -puem
1313 525 1318 546 ·

143 602 273 675 damus
301 600 346 672 ad
370 598 442 672 Dei
471 601 593 690 altare,
616 626 725 699 quam
753 599 780 671 si
808 599 895 696 quid
921 597 1107 674 discordiae
1131 569 1230 675 velm

143 715 287 789 offensae
322 740 406 788 eum
440 715 607 789 fratribus
641 714 937 844 contraxerimus,
970 716 1191 792 resolvamus

146 831 271 924 (Man.
284 858 318 904 v.
334 835 420 928 23.).
435 831 545 913 Quid
559 844 614 904 est
627 830 725 903 enim
738 829 783 903 ad
796 856 924 929 pacem
936 829 1009 903 Dei
1024 832 1192 907 accedere

117 946 222 1030 ssine
248 945 363 1045 pace?
391 944 435 1016 ad
461 944 707 1018 remissionem
734 944 939 1018 debitorum
965 973 1050 1020 cum
1076 960 1193 1022 reten-

144 1059 268 1135 tione?
299 1058 496 1141 Quomodo
512 1059 671 1158 placabit
688 1060 830 1133 Patrem
849 1061 959 1135 iratus
979 1061 1016 1135 in
1032 1063 1191 1153 fratrem,

145 1201 258 1273 quum
277 1175 396 1247 omnis
413 1174 466 1247 ira
483 1176 530 1247 ab
546 1174 651 1247 initio
668 1174 856 1249 interdicta
873 1177 920 1250 sit
935 1178 1065 1251 nobis?
1091 1178 1190 1252 Nam

145 1303 182 1362 et
190 1292 216 1364 J
218 1290 332 1389 oseph
345 1289 531 1362 dimittens
545 1289 669 1362 fratres
683 1315 765 1362 suos
778 1290 823 1363 ad
840 1291 1110 1390 perducendum
1128 1322 1193 1395 pa-

144 1418 251 1497 trem,
268 1415 305 1479 et
320 1428 377 1492 ne,
395 1403 524 1501 inquit,
540 1405 751 1478 irascamini
766 1407 807 1478 in
822 1408 894 1497 oia,
914 1408 1022 1504 (Gen.
1033 1409 1105 1483 xlv.
1115 1416 1191 1504 24.)

102 1551 209 1597 sonos
224 1523 360 1597 scilicet
372 1522 524 1611 monuit,
537 1522 639 1619 (alias
653 1518 749 1592 enim
763 1519 821 1592 via
834 1523 1110 1619 cognominatur
1120 1523 1192 1598 dis-

145 1637 279 1736 ciplina
296 1637 443 1732 nostra)
458 1649 536 1708 turn
555 1661 602 1708 ne
619 1635 657 1706 in
674 1634 732 1706 via
748 1635 918 1708 orationis
936 1638 1134 1728 constituti,
1146 1639 1192 1712 ad

145 1752 289 1824 Patrem
307 1777 392 1824 cum
410 1751 462 1823 ira
483 1747 704 1823 incedamus.
750 1748 896 1823 Exinde
918 1763 1039 1850 aperte
1060 1752 1193 1826 Domi-

145 1894 213 1940 nus
232 1866 408 1965 amplians
426 1865 557 1963 legem,
568 1864 657 1936 iram
676 1863 713 1936 in
730 1863 876 1938 fratrem
891 1864 992 1967 (for.
1003 1894 1114 1965 quam
1129 1871 1194 1943 ad-

146 1982 266 2077 dend.)
286 1979 483 2054 homicidio
504 1979 726 2078 superponit,
742 2005 788 2051 ne
805 1982 913 2054 verbo
930 1983 1075 2079 quidem
1096 1985 1192 2059 malo

104 2097 324 2197 15permittit
334 2095 513 2194 expungi:
526 2096 636 2168 etiam
646 2095 680 2166 si
690 2094 920 2168 irascendum
933 2107 997 2187 est,
1008 2124 1079 2172 non
1091 2099 1192 2174 altro

145 2212 231 2286 solis
244 2196 442 2309 receptum,
460 2211 524 2307 (arr
535 2236 713 2283 recessum
721 2208 749 2303 i)
767 2220 809 2281 ut
822 2211 1004 2309 apostolus
1024 2213 1190 2311 (Epuiv.

147 2325 223 2426 26)
234 2327 415 2399 admonet.
437 2324 557 2406 Quam
569 2337 689 2396 autem
702 2325 929 2399 temerarium
942 2339 1081 2412 estant
1093 2328 1190 2401 diem

148 2441 224 2514 sine
250 2441 409 2513 oratione
436 2437 642 2535 transigere,
669 2437 757 2509 dum
785 2464 901 2510 cessas
927 2440 1026 2513 fratri
1056 2442 1194 2516 satisfa-

150 2584 242 2646 cere,
258 2569 321 2629 aut
337 2555 533 2629 orationem
553 2563 801 2652 perseverante
818 2553 1000 2626 iracundia
1018 2555 1180 2683 perdere!

104 2709 141 2747 20
199 2671 282 2743 Nec
307 2669 387 2742 ab
378 2694 430 2741 rra
456 2667 696 2756 solummodo,
722 2667 783 2740 sed
810 2668 910 2740 omni
936 2671 1086 2742 omnino
1111 2698 1197 2746 con·
1240 2717 1324 2768 ΟΜ,

150 2784 289 2858 fusione
307 2783 418 2856 animi
408 2783 548 2855 libera
565 2783 674 2856 debet
690 2809 767 2856 esse
785 2783 954 2857 orationis
971 2785 1139 2877 intentio,
1150 2783 1314 2897 denum

149 2901 213 2973 tali
232 2900 359 3000 spiritu
376 2899 518 2987 emissa,
536 2900 652 2996 qualis
670 2911 724 2971 est
742 2898 908 2997 Spiritus,
921 2897 965 2972 ad
983 2927 1092 2998 quem
1111 2903 1196 2977 mit·
1179 2912 1335 3026 -ffifniwn

151 3016 248 3087 titur.
293 3014 424 3111 Neque
443 3014 540 3086 enim
559 3014 703 3112 agnosci
720 3014 854 3112 poterit
871 3041 891 3086 a
908 3014 1044 3114 Spiritu
1062 3017 1277 3092 Sanctomum

152 3129 297 3228 spiritus
315 3129 543 3225 inquinatus;
563 3141 625 3202 aut
641 3129 751 3201 tristis
770 3155 790 3200 a
808 3129 901 3217 laeto,
920 3141 981 3202 aut
998 3130 1195 3229 impeditus

105 3269 172 3333 25a
201 3243 324 3315 libero.
385 3242 508 3314 Nemo
536 3242 776 3316 adversarium
807 3244 954 3342 recipit;
989 3271 1098 3318 nemo
1126 3248 1196 3321 nisi

152 3383 358 3455 comparem
377 3382 482 3429 suurn
501 3355 670 3430 admittit.

201 3471 370 3543 Ceterum
396 3497 477 3568 quae
500 3470 591 3542 ratio
614 3484 679 3561 est,
696 3473 863 3544 manibus
881 3472 1028 3569 quidem
1053 3476 1197 3566 ablutis,
1241 3509 1324 3560 cip,

151 3586 279 3684 spiritu
307 3611 391 3657 vero
421 3584 587 3657 sordente
616 3588 813 3659 orationem
841 3587 959 3660 obire?
990 3591 1136 3685 quando
1160 3604 1197 3665 et
1204 3575 1327 3689 ffiffi

151 3700 237 3799 ipsis
269 3700 436 3771 manibus
465 3700 641 3797 spiritales
667 3701 855 3774 munditiae
881 3702 953 3775 sint
978 3707 1338 3818 ηθθθεεειεὶεθ,Ἥ.’Μιιιι

104 3827 193 3905 30ut
216 3842 237 3886 a
258 3814 359 3903 falso,
382 3840 403 3885 a
426 3814 535 3902 coede,
553 3842 573 3887 a
589 3814 784 3901 veneficiis,
802 3815 847 3886 ab
870 3814 1082 3909 idololatria,
1100 3833 1196 3894 cete-

151 3927 270 4023 risque
289 3928 450 4017 maculis,
464 3954 545 4025 quae
558 3929 685 4027 spiritu
700 3942 884 4028 concepta
901 3956 1076 4006 manuum
1089 3961 1199 4033 opera

152 4040 409 4138 transiguntur,
426 4067 526 4141 purae
544 4044 751 4118 alleventur.
789 4045 862 4118 Hae
881 4059 966 4119 sunt
981 4073 1073 4120 verae
1091 4074 1199 4121 mun-

152 4152 265 4242 ditiae,
293 4181 365 4227 non
395 4182 484 4254 quas
517 4158 680 4256 plerique
709 4160 957 4260 superstitiose
986 4175 1124 4254 curant,
1153 4163 1199 4237 ad
