2678 4830
225 312 277 375 IN
299 312 332 375 S.
349 311 619 375 HIPPOLYTI
642 311 838 374 CONTRA
859 310 1077 374 NOETUM.
1132 315 1174 376 85

176 481 214 543 Ρ.
229 482 250 543 6
250 495 281 564 5.
302 478 324 542 l.
342 481 393 543 16.
409 478 461 543 δύο
476 479 579 562 λέγειν
594 478 723 563 Θεούςς]
745 479 853 543 Habet
867 479 995 565 quidem
1010 480 1173 566 interpres,

132 565 265 628 Βίενναν
285 565 402 650 aliquis
422 565 524 628 dicere
543 564 699 628 Joannem
718 565 796 628 duos
812 566 910 629 Deos.
941 566 1003 629 Sed
1024 588 1174 652 reponere

131 648 357 798 ίνὶωίίσηυλέγὲις
377 672 437 735 pro
458 648 569 731 λέγειν.
605 649 691 724 Quid
703 652 803 736 ergo?
817 651 898 714 dicet
912 652 1039 737 aliquis,
1054 653 1174 716 diuisae

152 756 209 798 uos
258 755 308 798 eoa

175 818 258 882 Ibid.
277 818 299 884 l.
318 820 367 882 18.
390 820 560 899 οἰκονομίαν
582 821 615 883 δὲ
635 821 748 907 τρίτην]
768 822 913 885 Fortasse
930 818 1109 906 legendum,
1128 825 1171 886 oi·

131 905 253 989 κονομία
267 907 300 968 δὲ
314 906 424 985 τρίτην,
439 905 493 982 τὴν
506 905 595 987 χάριν
610 907 663 967 διο.

173 990 212 1052 Ρ.
229 992 283 1052 66.
308 989 328 1053 l.
346 1008 377 1054 2.
400 989 505 1070 Πατλρ
528 989 712 1074 ἐντέλλεται]
731 991 804 1052 Ηοο
818 989 991 1052 mandandi
1007 1004 1039 1055 et
1053 993 1172 1076 preaci-

124 1075 237 1158 piendi
263 1073 415 1138 vocabulo
436 1072 477 1137 de
501 1075 606 1152 Patre,
622 1088 653 1137 et
673 1075 834 1138 obediendi
855 1074 895 1138 de
917 1074 1000 1138 Filio
1021 1075 1087 1140 sine
1109 1075 1174 1140 ulla

129 1157 297 1222 offensione
324 1159 370 1223 usi
396 1173 470 1222 sunt
495 1181 557 1222 nou
583 1159 678 1222 modo
701 1174 774 1223 ante
799 1159 975 1224 Concilium
1005 1161 1172 1225 Nicaenum

132 1244 165 1308 S.
183 1245 334 1322 hermeus,
352 1243 549 1331 Hippolytus
562 1258 678 1320 noster,
690 1244 843 1330 Origenes
857 1259 889 1308 et
902 1245 971 1309 alii:
987 1245 1040 1308 sed
1055 1260 1087 1309 et
1101 1260 1173 1332 post

129 1326 208 1391 illud
222 1329 385 1393 concilium
408 1329 576 1394 adversarii
598 1343 630 1392 et
649 1328 752 1392 hostes
767 1330 896 1394 Arianae
915 1331 1067 1394 haereseos
1085 1352 1171 1394 acer-

130 1412 209 1491 rimi,
230 1414 435 1492 Atbanassiu,
457 1414 602 1490 Basilius,
623 1415 747 1478 Marius
762 1415 879 1492 Victor,
902 1414 1056 1494 Hilarius,
1074 1417 1170 1479 Pros-

130 1520 185 1582 per
200 1500 256 1562 διο.
287 1499 368 1563 Vide
390 1499 554 1563 Petavium
581 1497 635 1563 lib.
656 1501 707 1562 11.
728 1499 768 1563 de
791 1500 948 1563 Trinitate
970 1523 1000 1565 e.
1016 1501 1067 1564 vii.
1092 1504 1121 1585 ξ.
1140 1519 1171 1583 7.
1250 1500 1253 1504 ’

130 1583 246 1670 Georg.
271 1584 399 1648 Bullum
427 1584 459 1647 in
483 1583 672 1648 Defensione
693 1584 784 1648 Fidei
808 1586 1078 1671 Nieoentep.133.
1097 1589 1170 1670 165.

134 1671 535 1840 17pbi1‘70igosffiwom
556 1756 728 1850 συμφωνίας
749 1754 910 1837 σννάγεται
932 1759 973 1822 είς
995 1757 1049 1820 ἕνα
1071 1756 1167 1840 Θεὸν]

131 1839 182 1901 Ita
195 1836 272 1926 legit
284 1839 448 1927 interpres.
478 1842 583 1903 Possis
595 1839 688 1903 etiam
703 1838 806 1925 legere
819 1842 987 1919 οἰκονομίας
1001 1844 1169 1923 συμφωνία.

130 1924 224 1987 Certe
251 1924 284 1988 in
314 1927 389 1990 MS.
416 1948 486 1988 meo
512 1924 695 2011 apographo
720 1939 767 1988 est
794 1926 962 2004 οἰκονομίας
986 1928 1168 2008 συμφωνίας.

130 2009 234 2073 Faus.
259 2011 403 2074 Fortasse
417 2024 502 2074 totus
516 2008 603 2073 locus
617 2008 661 2073 ita
674 2010 874 2096 retingendus
885 2022 948 2083 est3
966 2010 1001 2074 δι’
1017 2012 1052 2074 οὗ
1066 2010 1171 2091 Πατὴρ

128 2092 299 2159 πιστεύεται
319 2098 471 2179 οἰκονομίᾳ
490 2096 663 2176 σνμηωνίας
681 2095 866 2178 συνάγεσθαι
881 2099 922 2162 εἰς
937 2097 991 2159 ἕνα
1005 2097 1097 2159 Θεόν·
1121 2093 1170 2157 vel

128 2179 243 2264 potius,
256 2179 291 2244 δι’
304 2182 340 2245 οὗ
350 2181 456 2262 Πατλρ
468 2177 649 2257 πιστεύεται,
666 2182 713 2243 καὶ
728 2183 879 2265 οἰκονομία
894 2182 1067 2261 amotas
1081 2178 1171 2243 rund-

129 2290 211 2345 γεται
226 2268 268 2332 είς
281 2265 336 2330 ἕνα
350 2265 443 2340 Θεὸν,
458 2286 531 2329 cum
545 2264 698 2350 particula
712 2266 758 2329 rai
773 2265 805 2328 in
820 2266 916 2330 verbo
930 2263 1100 2329 πιστεύεται
1114 2262 1168 2326 ab·

129 2372 161 2412 so
200 2365 233 2414 ta
246 2361 336 2416 esset.

162 2368 255 2500 ¹ibid.
272 2434 293 2499 l.
309 2452 342 2521 5.
365 2436 404 2501 ‘0
418 2440 477 2518 γὰρ
492 2435 621 2501 κελεύων
636 2438 753 2520 Πατὴρ]
774 2439 848 2501 For.
865 2438 883 2498 ὅ
897 2461 934 2518 γε
949 2432 1078 2499 κελεύων
1092 2441 1135 2498 Π.

171 2520 294 2585 Ibid..l.
312 2535 342 2605 7.
365 2521 404 2585 Ὁ
422 2521 465 2585 ὢν
481 2522 555 2603 (for.
571 2524 639 2605 οὖν)
660 2522 764 2603 Πατὴρ
787 2523 835 2584 ἐπὶ
856 2519 985 2593 πάντων,
1008 2523 1024 2583 ὁ
1047 2523 1079 2583 δὲ
1100 2521 1173 2588 ’Υἱὸς

129 2608 175 2669 διὰ
188 2606 320 2682 πάντων,
338 2608 406 2691 δια]
430 2608 511 2670 Cum
534 2606 654 2670 Paulus
675 2606 718 2669 ait
740 2606 780 2669 de
802 2607 873 2668 Deo
887 2603 926 2667 ad
942 2605 1063 2690 Ephes.
1078 2605 1120 2668 iv.
1138 2608 1169 2670 6.

131 2693 192 2764 Qui
206 2700 363 2776 estsuper
377 2694 494 2767 monia,
505 2701 535 2755 et
546 2712 606 2776 per
618 2694 735 2768 omnia,
747 2701 777 2755 et
790 2693 825 2753 ιἰι
839 2691 1002 2762 οιηιιὶὸιιις
1021 2703 1083 2752 tres
1098 2712 1171 2776 per-

129 2797 216 2840 sonas
237 2775 391 2861 designat,
408 2790 445 2839 ut
466 2775 618 2839 unitatem
642 2776 703 2839 Dei
725 2775 756 2838 in
779 2774 859 2847 illis;
883 2773 958 2859 quia
979 2774 1074 2838 unius
1091 2775 1172 2860 ejus-

128 2860 262 2946 demque
276 2860 402 2925 virtutis
422 2883 459 2924 ac
480 2861 628 2947 potentiae
650 2875 707 2937 est,
725 2884 791 2924 esse
812 2883 848 2923 su
890 2882 906 2921 r
927 2861 1041 2937 omnia,
1063 2875 1094 2923 et
1115 2883 1172 2947 per

128 2945 240 3023 omnia,
262 2959 294 3009 et
316 2946 349 3008 in
370 2945 536 3019 omnibus;
564 2960 595 3009 et
617 2944 787 3009 secundum
810 2883 949 3008 ordiirem
972 2945 1172 3009 confessionis

128 3045 241 3094 sanctae
265 3029 441 3111 Trinitatis,
462 3030 598 3117 primum
622 3031 732 3096 tribuit
753 3030 853 3107 Patri,
877 3030 1047 3094 secundum
1078 3029 1170 3108 Filio,

128 3115 253 3179 tertium
277 3114 409 3201 Spiritui
431 3119 556 3192 Sancto,
571 3117 647 3201 quia
667 3130 714 3179 est
730 3115 821 3179 tertia
840 3117 978 3178 Persona
997 3114 1170 3179 secundum

128 3199 266 3264 ordinem
286 3199 495 3276 confessionis,
511 3215 546 3263 ut
567 3200 688 3286 antiqui
709 3199 845 3284 theologi
868 3199 1052 3283 loquuntur,
1068 3213 1100 3262 et
1114 3220 1171 3261 nos

128 3283 212 3370 loqui
227 3284 413 3349 docuerunt.
436 3287 658 3349 Tuunrauus.

60 3381 66 3391 “
170 3370 254 3434 Ibid.
276 3369 297 3434 l.
317 3390 366 3434 11.
391 3372 443 3434 οὐκ
459 3368 904 3452 ιηἰχαρίστησαν-ἠρνήσαντο]
924 3368 977 3430 Ex
1000 3366 1107 3429 decem
1128 3366 1171 3430 le-

127 3454 225 3539 prosis
247 3476 309 3517 non
332 3478 442 3518 novem
458 3455 564 3521 Judaei
586 3454 640 3518 sed
664 3476 746 3517 unus
768 3464 889 3516 tantum
910 3451 1026 3537 gratias
1043 3451 1171 3516 Christo

127 3539 189 3624 egit
202 3553 330 3603 sanatus
343 3556 375 3604 et
395 3540 427 3603 in
446 3562 517 3603 eum
536 3539 666 3602 credens
685 3538 906 3602 Samaritanus.
928 3538 1009 3600 Luc.
1024 3536 1098 3601 xvii.
1118 3541 1169 3601 16.

128 3625 237 3688 Fara.
260 3688 263 3693 ,
282 3627 356 3688 Ηοο
370 3624 446 3688 dicit
459 3638 588 3710 propter
602 3626 745 3701 Petrum,
761 3645 853 3709 quem
874 3621 1006 3709 legimus
1025 3622 1057 3685 in
1077 3645 1170 3685 evan-

125 3708 206 3793 gelio
221 3732 357 3795 negasse.
382 3711 562 3773 Tunnrnu.

167 3796 208 3858 P.
225 3797 280 3875 67.
301 3793 322 3857 l.
335 3798 367 3858 6.
390 3793 476 3872 ξένον
490 3819 541 3872 μοι
555 3793 667 3874 φέρεις,
678 3794 780 3874 Λόγον
794 3792 894 3875 λέγων
908 3791 997 3875 Ύὶόν]
1012 3794 1111 3856 Hunc
1125 3791 1170 3854 lo-

125 3892 290 3963 cumputo
304 3901 324 3942 a
339 3877 498 3941 Turrianu
513 3879 616 3940 minus
630 3877 709 3941 bene
724 3900 916 3962 expressum,
931 3891 1027 3962 atque
1042 3877 1170 3962 Hippo-

126 3961 225 4046 lytum
249 3962 355 4048 potius
368 3963 399 4026 in
415 3963 495 4026 hane
510 3961 693 4025 sententiam
712 3961 883 4047 scripsisse:
909 3964 1072 4026 “Novum
1092 3959 1168 4026 mihi

127 4054 148 4084 “
162 4045 264 4122 affers,
286 4069 358 4110 cum
386 4046 502 4111 Filium
524 4046 663 4110 Verbum
687 4049 807 4126 vocas,”
829 4048 892 4111 sive
912 4045 1007 4110 Verbi
1030 4042 1168 4129 appellas

125 4130 258 4194 nomine.
283 4133 392 4195 Faus.

168 4215 252 4280 Ibid.
269 4216 291 4279 l.
301 4233 332 4298 7.
357 4219 423 4280 ἀλλ’
440 4220 540 4283 ἄλλως
555 4218 731 4299 ἀλληγορεῖ]
746 4218 883 4280 Verbum
901 4214 962 4277 Dei
978 4234 1039 4274 non
1055 4210 1169 4297 allego-

619 4321 671 4383 ⁰3
