2678 4830
134 322 198 388 270
513 319 544 383 S.
565 315 799 383 CYPRIANI

5 519 60 570 aa
71 519 97 568 n
133 504 213 564 tura
230 489 351 563 divina
363 489 502 563 dicens:
521 487 608 574 Fili,
622 490 793 563 accedens
805 489 856 562 od
865 488 1076 563 seruitutem
1091 490 1190 580 Dei,

133 617 192 680 sta
216 607 255 679 in
267 605 422 706 justitia
443 616 480 679 et
500 606 640 695 timore,
659 617 695 679 et
712 631 884 703 propono
901 607 1061 679 animam
1078 616 1189 680 tuom

5 735 97 786 M
135 724 186 797 od
209 723 456 796 tentationem.
500 721 551 794 Et
579 722 727 794 iterum:
749 721 797 795 In
823 721 945 796 dolore
969 723 1124 813 sustine,
1150 733 1189 797 et

132 841 172 913 in
190 838 395 913 humilitate
412 848 477 910 tua
493 838 712 936 patientiam
728 838 829 929 habe,
846 839 1014 937 quoniam
1035 839 1074 912 in
1094 841 1188 939 igne

128 957 309 1054 probatur
326 979 458 1028 aurum
477 963 513 1026 et
531 964 736 1053 argentum,
752 954 1010 1029 nominavero
1026 958 1214 1053 recepti-5

135 1073 224 1147 biles
239 1073 278 1145 in
295 1072 433 1145 comino
452 1068 727 1142 humiliationis.

183 1188 251 1262 Vl.
278 1187 339 1261 Sic
363 1187 438 1259 Job
464 1199 546 1285 post
571 1212 689 1259 rerum
713 1185 858 1275 damna,
881 1199 963 1285 post
985 1187 1183 1286 pignorum

134 1304 271 1395 funera,
288 1302 494 1377 vulneribus
521 1327 665 1400 quoque
686 1314 723 1374 et
747 1303 929 1376 vermibus
956 1303 1107 1401 graviter
1131 1305 1186 1378 af-

135 1423 265 1509 flictus,
290 1446 363 1492 non
389 1419 506 1492 victus
532 1430 598 1509 est,
624 1417 684 1491 sed
711 1419 910 1517 probatus3
940 1419 1001 1518 qui
1031 1420 1066 1491 in
1094 1419 1184 1520 ipsis

135 1535 461 1611 conflictationibus
487 1547 524 1607 et
549 1534 731 1608 doloribus
758 1535 830 1607 suis
858 1535 1069 1634 patientiam
1100 1537 1237 1610 reli-10

136 1653 244 1753 giosae
271 1649 401 1722 mentis
427 1650 618 1723 ostendens
644 1650 713 1724 ait:
731 1649 868 1724 Nudus
892 1652 986 1724 enini
1010 1652 1185 1726 deutero

136 1768 277 1855 matris,
294 1765 414 1838 nudus
440 1766 550 1837 etiam
573 1766 630 1838 ibo
651 1767 718 1839 snb
739 1777 884 1839 tomam.
920 1767 1105 1841 Dominus
1122 1769 1185 1841 de·

137 1882 201 1968 dit,
219 1882 405 1955 Dominus
422 1879 585 1954 abstulit.
625 1882 730 1954 Siout
745 1881 906 1955 Domino
923 1884 1040 1956 visum
1059 1894 1112 1957 est
1128 1884 1185 1957 ita

122 1994 279 2099 factum
310 2007 373 2070 est.
415 1996 476 2070 Sit
503 2021 631 2070 nomen
660 1995 814 2069 Domini
844 1998 1076 2073 benedictum.
1132 1999 1186 2072 Et

138 2141 222 2188 cum
252 2140 337 2188 eum
367 2138 459 2186 uxor
485 2139 629 2211 quoqne
656 2114 888 2212 compelleret
919 2127 959 2187 ut
988 2114 1023 2187 vi
1050 2114 1184 2188 doloris
1197 2147 1231 2210 15

137 2230 330 2330 impatiens
355 2228 488 2327 aliquid
517 2227 683 2302 adversus
706 2228 829 2302 Deum
856 2231 1005 2326 querula
1030 2243 1066 2303 et
1092 2230 1186 2304 invi-

137 2346 239 2421 diosa
254 2373 342 2422 voce
364 2345 580 2443 loqueretur,
596 2344 780 2444 respondit
797 2356 833 2417 et
850 2343 964 2418 dixit:
993 2347 1185 2445 Tanquam

138 2489 213 2536 una
227 2488 270 2535 ea
282 2463 415 2560 ineptis
427 2462 638 2535 mulieribus
652 2461 773 2534 locuta
791 2485 839 2533 es.
872 2461 917 2534 Si
934 2462 1026 2535 bona
1044 2465 1185 2561 excepi-

138 2604 219 2652 mus
240 2579 285 2651 de
304 2605 414 2651 manu
430 2577 595 2667 Domini,
615 2576 713 2650 malo
738 2603 804 2650 cur
823 2602 895 2649 non
919 2577 1186 2653 tolerabimus?

139 2696 186 2770 In
212 2694 269 2768 nis
294 2694 457 2768 omnibns
483 2720 559 2792 qna
590 2695 820 2792 contigerunt
846 2693 880 2766 ei
904 2693 999 2766 nihil
1018 2697 1186 2794 peccavit
1197 2732 1236 2772 20

138 2811 213 2884 Job
243 2811 350 2885 lobiis
375 2811 454 2882 suis
482 2810 522 2882 in
551 2819 740 2906 conspectu
764 2809 928 2883 Domini.
976 2811 1105 2910 Itaque
1131 2813 1185 2885 illi

138 2926 321 3000 Dominus
345 2926 447 2998 Deus
471 2924 638 3024 perhibet
656 2925 905 2998 testimonium
924 2925 1067 2999 dicens:
1085 2927 1186 3001 Ani-

138 3042 366 3116 modoertisti
375 3065 535 3140 puerum
550 3066 668 3114 meum
680 3041 785 3114 Job?
806 3042 892 3116 Non
905 3043 998 3116 enim
1015 3052 1070 3117 est
1083 3044 1185 3117 simi-

140 3160 187 3234 lis
203 3158 262 3237 illi
277 3160 468 3258 quiequam
484 3157 523 3230 in
540 3156 661 3247 terris,
679 3157 782 3230 lzomo
799 3159 877 3232 sine
901 3159 1059 3256 quarela,
1075 3185 1186 3235 oenus

139 3277 218 3350 Dei
235 3275 361 3350 cultor.
414 3273 464 3347 Et
486 3273 618 3348 Tobias
641 3287 725 3374 post
747 3301 854 3372 opera
881 3275 1085 3372 magnifica,
1103 3291 1185 3375 post
1197 3311 1235 3369 25

140 3390 391 3465 misericordiae
409 3418 481 3464 suae
500 3391 615 3464 multa
632 3402 669 3462 et
691 3389 845 3489 gloriosa
866 3391 1059 3487 praeconia,
1077 3394 1186 3465 eoeei-

139 3520 250 3580 tatem
275 3508 454 3580 luminum
477 3534 614 3606 passae,
630 3507 763 3580 timens
781 3519 821 3579 et
836 3506 1050 3580 benedicens
1069 3508 1106 3580 in
1124 3509 1186 3581 ad·

139 3621 248 3695 versis
270 3620 406 3711 Deum,
423 3648 487 3720 per
511 3621 626 3720 ipsam
651 3624 808 3721 corporis
832 3623 885 3695 sui
910 3623 1049 3696 cladem
1074 3624 1185 3698 crevit

141 3737 186 3811 ad
203 3736 369 3822 laudem;
387 3764 497 3835 quem
515 3751 551 3811 et
569 3739 689 3836 ipsum
708 3765 800 3811 uxor
816 3766 880 3812 sua
897 3739 1090 3838 depravare
1107 3753 1185 3812 ten-

33 3877 76 3928 ,ἢ
140 3854 229 3927 tavit
245 3853 388 3926 dicens:
413 3855 486 3927 Ubi
506 3865 592 3927 sunt
604 3853 765 3954 justitia
790 3866 870 3944 tua,
889 3882 968 3929 ecce
985 3883 1062 3955 quo
1079 3871 1235 3954 pote-30

139 3971 213 4044 rial
245 3970 296 4043 At
318 3971 378 4042 ille
399 3971 491 4044 circa
509 3971 675 4044 timorem
694 3971 766 4044 Dei
785 3972 921 4044 stabilis
940 3984 976 4044 et
994 3975 1131 4060 firmus,
1149 3986 1185 4043 et

141 4086 186 4158 ad
209 4113 357 4160 omnem
380 4087 607 4160 tolerantiam
629 4087 804 4186 passionis
827 4087 898 4159 fide
924 4087 1106 4185 religionis
1132 4112 1186 4159 ar·

141 4213 269 4293 matus,
286 4202 474 4276 tentationi
495 4203 614 4276 uxoris
632 4201 796 4276 invalidae
820 4202 858 4276 in
880 4201 1002 4275 dolore
1020 4228 1091 4273 non
1110 4228 1186 4301 ees-
