2678 4830
144 317 209 383 206
477 319 855 386 ANNOTATIONES

143 489 289 577 negativa
317 487 416 552 cuivis
444 512 568 553 sensum
598 491 732 554 auctoris
760 492 839 555 bene
869 491 1072 577 perpendenti
1101 512 1204 556 amo-¹

145 576 247 640 venda
272 575 437 638 videbitur.
490 578 591 640 Porro
611 575 690 639 illud
715 576 1027 641 animadvertendum
1050 591 1108 655 est,
1134 601 1195 665 po-

145 662 203 726 sita
217 662 312 725 fuisse
326 661 394 725 haec
409 662 504 726 verba
521 662 551 725 in
568 662 657 727 editt.
673 662 812 750 principe
831 677 862 726 et
883 663 1024 726 Parisina
1042 679 1113 749 post
1131 687 1192 727 vo·

144 771 209 811 cern
232 750 450 811 mandaveram
460 773 473 824 ;
504 747 697 834 displicuisse
721 763 826 812 autem
849 750 872 812 J
876 748 949 812 unio
973 765 1057 812 trans
1101 749 1191 813 sitio-

143 857 226 910 nem,
242 858 314 920 quae
336 833 506 897 eorundem
526 847 634 920 postea
652 835 734 897 fasta
749 848 805 910 est,
821 834 954 920 glossam
970 834 1043 898 huic
1058 773 1126 899 libo
1138 859 1192 899 ao-

143 922 268 985 cessisse
281 919 478 983 existimanti.
519 921 570 983 Ita
584 919 665 982 enim
682 920 805 984 scribit:
831 929 852 959 “
868 919 1047 999 Pelluntur,
1062 921 1117 1006 qui
1136 921 1190 985 hic

144 1015 389 1092 “transponunt
408 1005 544 1069 auctoris
563 1006 669 1068 verba.
714 1008 787 1091 Ego
806 1006 939 1092 primam
960 1006 1139 1085 editionem,
1155 1021 1190 1072 et

143 1101 165 1131 ‘⁶
181 1092 440 1177 manscriptorum
462 1114 644 1155 consensum
665 1114 807 1177 sequenS,
822 1092 867 1155 ita
883 1090 1051 1176 legendum
1067 1116 1189 1158 censeo.

144 1180 383 1254 “Discentibua
409 1177 442 1240 id
467 1192 523 1255 est,
551 1177 722 1263 discipulis,
745 1179 818 1241 meis
841 1180 945 1241 eadem
969 1181 1011 1241 ad
1035 1199 1087 1241 vos
1108 1201 1190 1260 ργα-

143 1267 283 1328 “dicare
303 1266 520 1327 mandaveram
542 1263 702 1345 (nimirum
726 1263 921 1327 solummodo
940 1264 1011 1326 viva
1030 1269 1116 1346 voce)
1134 1267 1190 1328 sed

143 1359 165 1390 “
180 1373 270 1435 ᾳαααα
285 1371 339 1414 aas
352 1372 412 1413 aon
426 1351 583 1413 crederetis
600 1353 613 1431 (
638 1349 826 1413 radicationi
841 1349 981 1434 illorum)
994 1351 1084 1412 serael
1098 1372 1190 1413 evan-

142 1445 164 1475 “
178 1438 304 1584 fielium,
327 1445 356 1498 ct
380 1438 513 1519 ejrudem
538 1373 654 1520 regalia
678 1436 846 1499 doctrinam
870 1437 1013 1518 apostolis
1037 1437 1110 1498 ateis
1133 1438 1172 1499 de

142 1530 163 1561 “
205 1543 363 1607 gaverarn,
379 1536 458 1607 puta
476 1521 635 1585 literarum
654 1520 863 1585 monumentis
883 1521 1136 1607 consignandam,
1155 1536 1189 1586 et

141 1616 163 1646 “
179 1605 395 1694 deponendam
411 1607 442 1669 in
458 1606 585 1671 ecclesia
599 1630 677 1671 mea.
704 1606 765 1670 Sed
782 1608 863 1670 licuit
877 1607 951 1669 milti
964 1617 1068 1689 postea
1083 1608 1187 1692 aliqua

142 1702 163 1732 “
178 1694 249 1755 inde
268 1703 396 1768 inritare,
412 1715 524 1779 nempe
544 1707 580 1756 ut
599 1708 670 1779 post
689 1693 730 1756 ab
750 1692 810 1756 illis
829 1693 986 1757 haereseon
1007 1693 1187 1757 auctoribus

142 1787 164 1817 “
179 1778 241 1841 fuit
256 1777 442 1843 factitatum.
470 1779 520 1842 Sic
535 1779 656 1863 integra
671 1778 804 1842 omnia.”
831 1782 912 1842 Haec
926 1781 948 1840 J
952 1778 1055 1855 unius,
1071 1778 1187 1864 quibus

142 1878 245 1926 tamen
264 1862 350 1926 haud
374 1863 533 1927 assentior.
581 1863 634 1927 Sin
657 1888 732 1928 vero
753 1877 844 1928 vetus
866 1865 1087 1928 sententiarum
1108 1865 1187 1928 ordo

141 1948 278 2013 revocari
292 1949 416 2026 debeat,
432 1948 628 2014 scribendum
644 1951 736 2030 foret,
752 1967 783 2014 et
797 1973 887 2034 quam
900 1971 952 2013 uos
967 1952 1135 2014 crederetis.

186 2038 225 2100 P.
242 2055 314 2120 155.
331 2035 353 2097 l.
368 2056 418 2099 10.
443 2035 498 2121 qui
514 2037 702 2117 exorbitant,
715 2052 747 2100 et
761 2037 835 2100 fidei
855 2036 993 2099 veritatis
1011 2036 1188 2122 periculum
1269 2076 1272 2080 -

141 2144 204 2185 non
224 2122 348 2203 cavent]
367 2122 554 2208 Legendum
575 2123 707 2210 putabat
721 2125 743 2185 d
748 2122 840 2186 unius
849 2125 923 2208 fide
942 2144 1003 2185 non
1012 2123 1097 2207 fida
1104 2149 1118 2200 ,·
1141 2147 1188 2186 se-

141 2207 313 2294 quiturque
335 2207 366 2270 in
389 2208 456 2294 ipsa
478 2209 574 2308 hujus
596 2209 692 2274 libelli
714 2207 864 2286 clausula,
885 2230 980 2294 quam
1003 2223 1075 2293 post
1095 2209 1188 2272 Junii

143 2309 284 2380 tempora
305 2292 460 2379 Rigaltius
479 2294 607 2380 adjecit,
623 2295 739 2359 locutio
758 2296 873 2379 infide
893 2295 1041 2357 ueritatis.
1087 2296 1188 2358 Porro

143 2380 249 2444 scribit
268 2382 301 2444 S.
316 2379 436 2444 Paulus
459 2383 492 2444 ἐν
512 2385 648 2467 ἁγιασμῷ
667 2384 841 2461 πνεύματος,
859 2382 907 2444 καὶ
921 2381 1020 2443 πίστει
1034 2381 1187 2459 ἀληθείας.

145 2486 163 2530 2
179 2468 286 2529 Thess.
302 2465 334 2532 ii.
353 2487 403 2552 13.
448 2469 648 2554 Quapropter
669 2467 772 2530 locum
793 2466 837 2530 ita
856 2467 986 2551 retingo,
1001 2466 1052 2549 qai
1066 2466 1189 2530 exorbi-

143 2565 245 2616 tantes
259 2552 322 2616 fide
335 2554 484 2630 amitatis,
498 2554 662 2637 periculum
680 2576 739 2616 noa
760 2561 877 2616 caveat.
919 2553 1077 2615 Caeterum
1094 2550 1186 2631 illud,

143 2639 227 2721 capit
245 2640 372 2720 opinari,
388 2662 446 2726 pro
466 2663 503 2703 eo
522 2639 609 2725 quod
624 2653 681 2716 est,
701 2648 799 2720 potest
809 2638 897 2724 fieri,
911 2646 946 2700 ut
967 2638 1044 2700 talia
1064 2639 1187 2719 omnen-

145 2735 204 2801 lar,
219 2727 270 2807 qut
285 2726 484 2788 exorbitantes
499 2728 555 2789 &a
571 2748 656 2789 more
672 2723 861 2788 Tertulliani
876 2736 922 2786 est
936 2723 1085 2810 positum.

187 2809 272 2872 Ibid.
286 2810 308 2873 l.
327 2831 375 2894 15.
402 2811 493 2874 etiam
514 2809 686 2909 specialiter
703 2808 891 2896 quibusdam
912 2808 1185 2897 respondebimus]

144 2897 217 2958 Hoc
244 2918 316 2958 vero
343 2895 486 2982 praestitit
516 2896 603 2960 libris
631 2895 779 2959 adversus
804 2893 1011 2972 Marcionem,
1037 2895 1187 2960 adversus

143 2980 385 3058 Valentinianos
409 2982 558 3045 adversus
582 2984 735 3045 Praxeam
755 2985 808 3045 &c
852 2980 988 3043 Minime
1010 2992 1115 3044 autem
1139 3005 1187 3045 se-

143 3065 252 3152 quenti
275 3066 436 3153 opusculo,
460 3090 532 3131 nam
555 3091 593 3131 eo
616 3081 738 3131 tanturn
760 3066 937 3130 indicantur
958 3067 1101 3146 haereses,
1123 3090 1186 3131 non

142 3154 355 3218 confutantur.
379 3154 525 3217 RtoAnn

186 3240 272 3304 Ibid.
289 3239 310 3305 l.
328 3244 378 3305 16.
403 3242 484 3304 Haec
503 3241 534 3303 in
561 3239 623 3303 fide
644 3238 783 3303 veritatis
806 3241 875 3324 dic]
904 3241 1001 3303 Voces
1023 3261 1124 3324 usque
1146 3239 1186 3301 ad

143 3326 288 3391 ultimum
306 3327 437 3391 verbum
452 3328 590 3409 Explicit
608 3325 728 3412 primus
742 3325 864 3390 addidit
879 3325 1035 3412 Rigaltius
1050 3325 1080 3387 in
1096 3324 1186 3387 editi-

142 3434 201 3475 one
215 3435 272 3475 sua
285 3412 434 3476 librorum
451 3437 561 3477 novem
580 3411 780 3476 Tertulliani.
814 3414 878 3476 Hae
893 3435 966 3475 vero
980 3410 1051 3474 ideo
1065 3410 1186 3473 omissae

143 3520 209 3560 esse
229 3497 260 3560 in
280 3498 386 3562 multis
408 3499 566 3562 codicibus
587 3497 742 3575 videntur,
759 3512 794 3561 ut
809 3497 919 3561 melius
934 3520 1004 3561 cum
1020 3497 1079 3559 boc
1093 3519 1187 3582 opere

143 3582 311 3646 cohaereret
325 3583 459 3663 libellus,
475 3584 514 3647 de
528 3607 593 3670 quo
607 3583 689 3647 illico
703 3583 817 3647 dicturi
832 3606 948 3647 sumus,

186 3691 323 3733 caurus
344 3693 540 3735 nunnmcos
561 3671 750 3754 uxamam]
768 3672 807 3732 In
823 3669 928 3733 oodice
943 3667 1110 3755 Agobardi
1124 3689 1187 3729 non

142 3753 226 3818 ultra
234 3755 337 3842 pergit
350 3757 429 3821 liber
442 3760 494 3822 De
505 3755 743 3841 Praescriptione
756 3756 997 3832 Haereticorum‚
1010 3777 1111 3840 neque
1122 3752 1188 3815 ulla

143 3841 179 3905 fit
199 3842 316 3906 mentio
335 3843 491 3929 sequentis
508 3841 663 3930 opusculi,
678 3841 764 3928 quod
779 3841 898 3940 incipit,
915 3843 1048 3913 Quorum
1063 3840 1185 3903 lucreti-

144 3950 255 4005 corum,
272 3939 306 3992 ut
317 3929 408 4009 plura
421 3938 598 4009 preteream
613 3931 667 3991 &c
697 3930 743 3991 Et
753 3927 869 4013 jacebn
884 3926 1051 4008 ἀκέφαλον,
1067 3923 1126 3988 nisi
1141 3923 1188 3987 di-

143 4013 242 4076 cimus
257 4012 299 4076 sic
313 4036 332 4076 a
347 4012 544 4077 Tertulliano
561 4014 718 4078 adnexum
739 4014 834 4077 fuisse
848 4012 935 4099 operi
949 4014 1000 4075 De
1016 4010 1186 4108 Praescrip-

143 4098 227 4162 tione
247 4098 489 4176 Haereticorum‚
505 4113 543 4163 ut
563 4124 600 4163 eo
619 4100 773 4176 absoluto,
789 4122 860 4162 cum
883 4097 995 4196 aliquis
1009 4097 1188 4183 adscripsis-

144 4197 200 4263 set,
218 4185 355 4267 Explicit
374 4187 412 4249 de
431 4186 663 4266 Proscriptum
685 4186 918 4263 Haereticorum‚
940 4183 1022 4247 idem
1046 4181 1188 4269 quisquis

142 4267 193 4334 ille
212 4270 319 4354 fuerit,
337 4272 405 4360 ejus
426 4270 484 4336 aevi
507 4270 648 4359 scriptor,
671 4294 730 4359 pro
752 4270 845 4336 titulo
866 4269 1023 4356 sequentis
1044 4267 1187 4358 opusculi
