2678 4830
148 318 213 387 290
530 315 563 379 S.
580 313 815 380 CYPRIANI

147 488 271 575 istrat,
290 485 420 585 inquit,
440 512 562 560 sennen
583 485 789 575 seminanti,
808 495 844 558 et
859 509 1001 583 panem
1024 485 1082 559 od
1103 485 1213 559 edera-

149 604 234 676 dum
256 603 453 701 prostabit,
479 614 515 677 et
539 601 800 699 multiplicabit
823 601 1106 675 seminationem
1131 628 1211 676 ves·

148 731 258 806 tram,
285 730 320 794 et
346 719 497 819 augebit
521 720 744 792 incrementa
757 715 922 818 fingam
934 716 1106 817 justitia
1131 744 1209 792 ues-

58 856 109 905 .rx.
148 848 226 926 tra,
247 846 289 910 ut
314 837 353 908 in
378 835 540 909 amnibus
565 834 840 932 locupletemini.
883 832 935 906 Et
956 833 1109 924 iterum,
1127 836 1209 909 Ad·

148 953 371 1027 ministratio
398 951 508 1050 bujus
535 949 648 1052 efficii
677 979 748 1025 non
775 959 920 1024 tantum
944 950 1136 1048 supplebit
1161 972 1230 1034 eos

148 1094 226 1168 qua
251 1069 388 1141 sanctis
413 1068 553 1155 desunt,
576 1067 643 1140 sed
665 1077 701 1140 et
726 1066 927 1141 abundabit
949 1090 1018 1162 per
1043 1066 1205 1141 multam

145 1185 357 1284 patiacum
375 1184 552 1256 actionem
568 1182 606 1255 in
624 1182 759 1255 Deum.
804 1181 987 1264 Quoniam
1006 1179 1100 1254 dum
1120 1209 1204 1282 gra-

147 1303 280 1375 tiarum
303 1300 397 1374 actio
420 1298 465 1373 ad
488 1299 610 1373 Deum
635 1326 700 1397 pro
726 1297 963 1395 eleemosynis
981 1309 1093 1395 atque
1112 1325 1203 1398 ope-

147 1417 347 1490 rationibus
366 1415 496 1489 nostris
514 1441 714 1514 pauperum
738 1414 900 1488 oratione
917 1412 1094 1511 dirigitur,
1115 1441 1202 1488 cen·

148 1558 208 1605 sus
226 1531 406 1631 operantis
427 1531 500 1603 Dei
524 1530 759 1603 retributione
776 1529 992 1604 cumulatur.
1042 1527 1096 1600 Et
1120 1528 1246 1602 Do-10

148 1647 269 1720 minus
296 1648 332 1719 in
360 1646 545 1745 evangelio
564 1646 642 1743 jam
675 1659 763 1719 tunc
792 1643 970 1743 ejusmodi
1001 1644 1201 1721 hominum

147 1761 254 1835 corda
272 1761 510 1852 considerans,
528 1776 564 1835 et
589 1762 733 1861 perfidis
758 1775 865 1860 atque
890 1761 1082 1835 incredulis
1104 1789 1201 1861 prae-

70 1892 102 1940 vi·
148 1877 221 1951 scia
245 1904 333 1950 voce
359 1876 586 1966 denuntians,
612 1892 834 1952 contestatur
863 1891 899 1950 et
930 1877 1039 1952 dicit:
1068 1878 1202 1954 Nolite

147 1994 310 2094 cogitare
328 1993 509 2066 dicentes:
537 1994 641 2071 Quid
663 1995 818 2081 edemus,
837 2004 903 2067 out
919 1994 1010 2094 quid
1025 1994 1200 2084 bibemus,

147 2121 214 2184 aut
230 2111 320 2211 quid
334 2110 557 2185 nestiemur.9
590 2109 683 2183 Hac
707 2113 801 2184 enim
824 2111 989 2184 nationes
1013 2120 1242 2210 quarunt.15

147 2228 227 2303 Scit
251 2239 373 2302 autem
391 2228 511 2302 Pater
531 2239 651 2303 nester
668 2229 756 2328 quio
775 2229 934 2302 omnium
954 2229 1084 2302 borum
1101 2229 1200 2303 indi-

142 2347 251 2445 getis.
298 2345 461 2422 Quarite
479 2346 643 2442 primum
668 2370 821 2444 regnum
848 2345 927 2418 Dei
953 2356 988 2418 et
1000 2344 1198 2444 justitiam

147 2460 235 2560 ejus,
263 2471 299 2534 et
327 2461 447 2534 omniu
471 2462 545 2534 ista
571 2470 797 2558 apponentur
824 2462 932 2534 uobis
975 2460 1040 2533 Eis
1069 2461 1198 2534 omnia

146 2578 280 2677 apponi
305 2577 394 2651 dicit
417 2591 454 2650 et
476 2577 579 2665 tradi,
601 2577 663 2673 qui
686 2603 837 2674 regnum
862 2589 898 2649 et
914 2577 1096 2673 justitium
1120 2578 1196 2651 Dei

146 2706 322 2791 quaerunt.
361 2694 435 2767 Eos
453 2693 552 2766 enim
571 2692 764 2783 Dominus,
782 2718 864 2765 cum
883 2692 1013 2788 judicii
1037 2693 1114 2766 dies
1132 2721 1197 2767 ve·
1209 2720 1244 2759 20

145 2810 250 2897 nerit,
280 2810 324 2882 ad
359 2810 631 2909 percipiendum
662 2835 811 2907 regnum
840 2807 930 2907 dicit
954 2809 1097 2883 admitti
1129 2812 1195 2909 qui

145 2925 278 2998 fuerint
294 2926 332 2997 in
350 2925 500 2998 eeclesia
516 2925 593 3021 ejus
612 2925 759 3025 operati.
798 2924 937 2997 Metuis
956 2952 1001 2998 ne
1017 2926 1197 3025 patrimo-

145 3041 246 3113 nium
271 3053 375 3113 tuum
400 3041 490 3113 forte
513 3040 668 3126 deficiat,
687 3041 715 3112 si
742 3041 879 3141 operari
908 3067 954 3114 ex
980 3068 1023 3114 eo
1046 3042 1196 3140 largiter

145 3157 314 3258 coeperis3
333 3171 371 3232 et
387 3157 513 3246 nescis,
531 3156 651 3243 miser,
670 3156 756 3255 qaia
773 3157 860 3230 dum
879 3157 985 3230 times
1004 3185 1121 3232 neres
1141 3161 1194 3234 fa-

145 3276 292 3350 miliaris
306 3275 461 3364 deficiat,
471 3276 544 3349 vita
562 3275 640 3374 ipsa
657 3292 694 3347 et
711 3274 805 3347 salus
824 3273 965 3360 deficit3
984 3287 1020 3348 et
1037 3274 1126 3349 dum
1145 3305 1194 3352 ne
1205 3300 1244 3362 25

146 3392 232 3489 quid
255 3392 300 3466 de
326 3396 432 3467 rebus
458 3393 528 3467 tuis
552 3394 739 3467 minuatur
762 3391 927 3482 attendis,
950 3418 1022 3465 non
1042 3393 1192 3492 respicis

145 3508 241 3604 quod
260 3509 336 3606 ipse
354 3509 538 3599 minuaris,
552 3521 691 3582 amator
707 3507 823 3605 magis
841 3534 1061 3582 mammonae
1077 3535 1192 3606 quam

145 3621 275 3694 animae
293 3634 388 3706 tuae3
416 3636 458 3696 ut
482 3623 569 3697 dum
593 3623 699 3696 times
722 3651 769 3696 ne
791 3649 856 3723 pro
873 3637 910 3696 te
927 3624 1190 3723 patrimonium

144 3750 248 3810 tuum
272 3736 411 3836 perdas,
437 3739 513 3834 ipse
537 3765 602 3837 pro
628 3739 845 3837 patrimonio
866 3753 931 3812 tuo
952 3766 1088 3837 pereas.
1138 3741 1192 3816 Et

32 3871 37 3883 ·
65 3870 116 3919 ,γι
143 3853 226 3927 ideo
251 3855 345 3931 bene
371 3853 554 3952 apostolus
580 3854 714 3926 elamat
739 3866 775 3927 et
800 3853 910 3928 dicit:
928 3855 1040 3929 Nibil
1062 3857 1241 3937 intuli-30

144 3996 224 4045 mus
240 3970 279 4043 in
295 3968 391 4042 bunc
407 3969 591 4057 mundum,
607 3995 731 4043 naum
747 3996 814 4044 nec
831 3969 984 4071 aliperus
999 3973 1091 4073 qnid
1102 3998 1191 4071 pos-

143 4112 279 4161 sumus.
322 4084 510 4158 Habentes
532 4088 656 4186 itaque
679 4087 932 4161 exhibitionem
950 4099 986 4162 et
1002 4099 1189 4189 tegumen-

144 4213 232 4288 tum,
250 4202 307 4276 bis
329 4202 486 4275 contenti
506 4204 629 4277 simus.
668 4203 746 4281 Qui
768 4212 889 4276 autem
910 4203 1038 4279 uolunt
1059 4203 1189 4281 divites
