2678 4830
151 309 218 373 284
536 310 824 376 FIRMILIANI

128 477 311 554 ·ecclesioe
345 504 549 554 numerum.
601 481 675 565 Qui
710 496 832 556 autem
862 483 1043 582 baptisma
1074 511 1207 559 eorum

151 597 292 696 probat,
311 595 356 668 de
378 596 571 695 baptizatis
594 610 632 670 et
656 599 843 672 ecclesiam
868 598 942 672 illic
968 627 1046 673 esse
1071 603 1209 674 confir-

151 725 239 786 mat.
281 711 363 787 Nec
386 713 555 812 intelligit
572 713 752 787 obfuscari
768 742 790 788 a
806 742 845 788 se
861 728 899 788 et
915 716 1071 814 quodam
1091 717 1207 791 modo

152 829 285 903 aboleri
304 828 519 903 Christianae
534 844 646 928 petrae
663 831 862 922 veritatem,
878 832 941 930 qui
960 832 1011 906 sic
1028 833 1149 932 prodit
1165 848 1207 910 et

151 944 284 1018 deserit
301 945 489 1019 unitatem.
538 946 564 1019 J
567 945 686 1020 udaeos
709 961 830 1028 tamen
849 948 1014 1045 quamvis
1033 949 1206 1048 ignoran-
1216 979 1235 1040 5

150 1062 201 1135 tia
224 1088 338 1136 coecos
362 1075 400 1136 et
421 1062 632 1161 gravissimo
653 1064 810 1138 facinore
831 1066 1056 1155 constrictos,
1080 1068 1203 1141 zelum

150 1177 222 1252 Dei
242 1181 425 1279 apostolus
444 1180 575 1253 habere
596 1182 804 1279 profitetur3
829 1181 1037 1281 Stephanus
1055 1182 1117 1280 qui
1136 1210 1205 1282 per

150 1297 413 1372 successionem
438 1296 648 1371 cathedram
675 1297 771 1370 Petri
799 1298 930 1371 habere
956 1325 994 1371 se
1016 1298 1204 1398 praedicat,

151 1414 253 1488 nullo
275 1415 442 1489 adversus
466 1414 653 1489 haereticos
676 1414 755 1488 zelo
773 1415 971 1488 excitatur:
998 1415 1202 1491 concedens

151 1531 222 1605 illis
239 1558 313 1605 non
331 1530 511 1605 modicam
530 1529 592 1604 sed
611 1530 809 1604 maximam
829 1531 952 1630 gratiae
968 1545 1201 1630 potestatem,
1217 1567 1262 1606 ιο.

150 1659 193 1720 ut
209 1647 308 1721 dicat
324 1674 385 1720 eos
401 1659 438 1719 et
456 1660 632 1720 asseveret
653 1673 718 1746 per
740 1647 913 1748 baptismi
934 1662 1201 1723 sacramentum

151 1763 272 1837 sordes
289 1764 416 1836 veteris
441 1763 600 1836 hominis
624 1764 779 1854 abluere,
797 1764 945 1863 antiqua
970 1765 1094 1838 mortis
1117 1792 1203 1864 pec-

151 1893 231 1953 cata
248 1878 392 1968 douare,
408 1878 678 1977 regeneratione
700 1881 840 1954 coelesti
864 1881 958 1954 filios
981 1880 1055 1954 Dei
1073 1881 1203 1975 facere,

151 1995 195 2070 ad
221 2007 392 2070 aeternam
410 1995 521 2069 vitam
547 1995 658 2069 divini
683 1996 814 2070 lavacri
839 1998 1122 2071 sanctificatione
1145 2025 1203 2071 re-

149 2137 285 2211 parare.
338 2112 412 2195 Qui
438 2111 490 2186 sic
515 2138 648 2210 magna
677 2124 714 2186 et
741 2113 906 2198 coelestia¹
933 2113 1091 2188 ecclesiae
1119 2141 1250 2208 mu-15

149 2255 236 2302 nera
262 2227 437 2303 baereticis
465 2227 630 2302 concedit
652 2242 689 2302 et
715 2229 864 2314 tribuit;
891 2229 980 2327 quid
999 2228 1095 2302 aliud
1124 2231 1202 2330 agit

150 2370 260 2444 quam
278 2343 605 2434 communicatem,
622 2345 753 2442 quibus
771 2357 916 2418 tantum
936 2345 1059 2443 grstiae
1076 2345 1202 2420 defen-

148 2461 205 2536 dit
227 2488 270 2535 ac
292 2460 472 2536 vindicat?
505 2459 558 2533 Et
582 2461 713 2534 frustra
731 2461 811 2557 jam
838 2461 982 2535 dubitat
1008 2462 1044 2535 in
1073 2463 1216 2537 ceteris.

149 2605 294 2676 quoque
311 2577 512 2651 consentire
530 2576 580 2650 eis
599 2589 636 2650 et
651 2577 833 2677 particeps
850 2604 951 2663 esse;
978 2592 1019 2652 ut
1036 2591 1073 2652 et
1090 2578 1200 2652 simul

150 2722 235 2769 cum
254 2694 304 2767 eis
323 2693 523 2783 conveniat,
540 2707 577 2766 et
593 2695 770 2767 orationes
794 2693 927 2794 pariter
949 2720 1035 2768 oum
1061 2694 1197 2769 eisdem
1211 2731 1250 2771 20

150 2809 310 2894 misceat,
336 2821 372 2882 et
398 2808 507 2882 altare
533 2835 575 2882 ac
601 2810 817 2884 sacrificium
844 2837 1040 2884 commune
1063 2811 1198 2884 consti-

149 2939 238 3002 tuat.
290 2924 362 2997 Sed
387 2926 557 3014 multum,
579 2926 708 3022 inquit,
732 2925 876 3026 proficit
901 2952 1034 2999 nomen
1060 2927 1198 3000 Christi

151 3042 197 3116 ad
214 3040 323 3116 fidem
342 3053 379 3114 et
396 3041 567 3140 baptismi
585 3042 919 3132 sanctificationem,
933 3055 975 3115 ut
991 3042 1199 3141 quicunque

150 3173 189 3234 et
213 3143 420 3259 ubicunque
445 3159 481 3231 in
510 3159 657 3231 nomine
682 3158 818 3231 Christi
848 3159 1051 3258 baptizatus
1078 3159 1197 3248 fuerit,

148 3287 389 3375 consequatur
415 3275 535 3349 statim
568 3274 720 3375 gratiam
748 3274 905 3359 Christi3
939 3274 1084 3373 quaudo
1112 3274 1246 3372 hui025

147 3393 228 3467 loco
254 3393 408 3466 breviter
433 3391 572 3466 occurri
597 3390 712 3491 possit
737 3402 775 3463 et
799 3389 884 3479 dici,
907 3391 1079 3488 quoniam
1105 3390 1134 3463 si
1158 3391 1197 3463 in

147 3534 297 3582 nomme
320 3507 456 3581 Christi
481 3507 594 3581 valuit
619 3507 705 3580 foris
731 3506 913 3606 baptisma
937 3505 981 3578 ad
1008 3506 1197 3579 homiuem

41 3714 52 3737 '
146 3623 388 3725 purgandum,
405 3624 441 3697 in
466 3622 628 3721 ejusdem
652 3624 786 3697 Christi
811 3623 959 3696 nomine
982 3624 1099 3697 valere
1122 3623 1198 3696 illic

146 3740 266 3840 potuit
283 3753 321 3813 et
338 3767 465 3814 manus
484 3737 667 3840 impositio
685 3739 729 3812 ad
749 3739 997 3840 accipiendum
1018 3739 1195 3839 Spiritum

147 3857 333 3931 Sanctum.
384 3856 436 3929 Et
462 3855 639 3956 incipient
664 3870 781 3930 cetera
805 3880 962 3956 quoque,
989 3885 1071 3956 quae
1097 3857 1195 3957 apud
1205 3886 1246 3943 30

129 3973 333 4054 haereticos
359 3985 523 4072 aguntur,
538 3968 639 4070 justa
660 3987 697 4048 et
721 3973 885 4074 legitima
907 3973 1029 4064 videri,
1050 3973 1196 4072 quando

147 4091 183 4164 in
202 4092 349 4165 nomine
367 4090 502 4164 Christi
520 4104 712 4190 gerantur3
740 4090 940 4164 secundum
959 4090 1058 4188 quod
1075 4117 1138 4164 vos
1157 4089 1195 4163 in

146 4208 299 4308 epistola
323 4223 439 4284 vestra
464 4208 626 4282 exsecuti
652 4207 758 4283 estis:
785 4230 858 4280 uon
885 4204 953 4279 nisi
980 4207 1017 4280 in
1043 4205 1194 4282 ecclesia
