2678 4830
231 333 282 395 IN
300 331 542 396 TERTULL.
559 330 623 394 DE
639 330 933 396 PRAESCRIPT.
948 331 1075 395 HAER.
1121 333 1184 395 205

140 503 224 568 nani.
261 501 407 566 Tandem
422 500 521 565 edidit
536 500 692 587 Rigaltius
705 525 745 566 ex
760 501 934 565 Wouwerii
949 515 1010 567 vet.
1028 502 1108 566 libro
1121 503 1186 566 siue

141 591 213 667 lare,
224 589 337 652 omisso
350 589 446 671 quasi.
469 588 528 651 Ait
543 587 739 652 doctissimus
752 587 804 651 ille
815 587 1016 651 Wouwerius
1031 588 1062 651 in
1073 590 1185 653 Emeu-

139 678 217 738 datt.
238 674 302 738 suis
320 696 403 737 anno
420 675 500 739 1608
515 673 617 751 editis,
635 683 656 712 ‘⁶
668 674 849 738 Editionem
864 686 1018 760 sequutus
1035 675 1083 738 vir
1101 673 1187 738 illus·

141 761 237 824 “tris
257 762 312 844 (an
335 759 472 845 Scaliger
481 763 510 844 Ρ)
527 758 705 824 emendavit
718 761 790 825 Abit
812 761 873 822 late
891 771 1053 844 vagantur.
1091 763 1186 846 Inge-

141 855 163 887 “
178 846 274 922 mose,
291 860 327 909 ut
341 845 455 910 omnia.
495 847 640 909 Fortasse
659 869 722 909 non
741 845 907 933 rejicienda
926 846 1105 932 conjectura
1122 870 1185 932 qua

141 942 163 973 “
178 933 361 1009 scribebam,
376 933 529 1015 orbiflde,
546 941 690 1012 extorres,
709 933 860 1017 Cybiratae
873 943 1040 1017 vagantur,
1057 933 1112 996 sed
1126 932 1185 996 mi·

141 1028 163 1058 “
179 1019 263 1082 nime
276 1017 498 1081 discedendum
513 1017 648 1081 arbitror
663 1033 753 1080 avet.
764 1018 852 1082 cod.''
875 1020 956 1082 Haec
969 1017 1029 1081 ille.
1053 1018 1187 1105 Recepit

140 1129 215 1170 vero
237 1104 333 1184 istud,
349 1104 438 1187 quasi
451 1104 528 1167 Aba
549 1104 610 1166 late
632 1115 798 1187 vagantur,
820 1103 853 1167 iu
875 1103 950 1168 edit.
973 1126 1061 1168 suam
1081 1104 1188 1168 Chris-

142 1192 245 1256 tianus
261 1191 386 1276 Lupus.

186 1279 227 1340 P.
247 1293 318 1362 154.
342 1275 362 1336 l.
377 1295 410 1358 3.
434 1272 595 1359 diligentia
609 1274 762 1360 adtonita]
782 1277 863 1353 Quae
879 1297 1008 1360 semper
1016 1288 1064 1338 est
1078 1274 1109 1338 in
1126 1297 1189 1340 me-

143 1377 177 1427 tu
193 1385 232 1510 ng
248 1360 326 1446 quid
336 1374 458 1508 pecca.
481 1362 634 1424 Rrastr.
672 1361 788 1424 Mentis
807 1360 958 1424 adtonitae
971 1371 1086 1443 stupor,
1102 1375 1189 1426 extat

143 1473 162 1512 a
187 1472 206 1511 u
245 1448 302 1511 Vir
325 1446 424 1509 'rum

162 1472 273 1597 pIbid.
291 1470 357 1613 llil.
382 1528 515 1594 adlectio
536 1529 712 1619 explorata]
729 1530 814 1595 Adle
837 1529 1001 1607 endorum‚
1020 1531 1135 1598 scilicet
1156 1532 1188 1597 in

144 1618 284 1683 ordinem
305 1616 555 1681 ecclesiasticum.
579 1618 725 1681 Rranur.
763 1553 922 1696 Adiectio,
943 1618 1108 1697 ordinatio,
1125 1622 1188 1685 ἐπι·

146 1711 292 1786 κληροεΐν.
318 1707 470 1767 Suutuu.

188 1791 272 1855 Ibid.
288 1789 309 1853 l.
326 1790 357 1853 6.
379 1787 533 1875 apparitio
555 1787 680 1872 devota]
700 1790 867 1886 Apparent
888 1787 1040 1876 episcopis
1062 1791 1190 1879 presby-

144 1877 213 1954 teri,
230 1875 362 1939 diaconi.
393 1878 449 1960 Ap
491 1889 560 1938 rent
575 1874 808 1961 magistratibus
822 1873 941 1951 scribae,
957 1897 1125 1961 praecones,
1141 1901 1191 1942 ac·

145 1962 237 2027 censi.
277 1961 398 2026 Glossae
422 1963 448 2023 P
473 1959 598 2039 iloxeni,
619 1961 827 2042 Apparitores,
852 1959 1063 2041 Ἐκβιβασταί.
1102 1965 1191 2028 Εἰσὶν

145 2052 178 2113 δὲ
198 2048 338 2129 deriperas
358 2054 420 2113 τοῖς
439 2048 584 2129 ἄρχουσιν
605 2049 864 2128 προσεδρεύοντες,
886 2047 1066 2144 Appariti0.
1088 2048 1192 2130 Ἐκβι-

144 2136 273 2215 βασμός.
312 2136 363 2197 Eo
383 2156 475 2196 sensu
495 2131 576 2196 dixit
597 2131 766 2218 Septimius
783 2146 888 2196 noster
908 2131 988 2196 libro
1008 2132 1048 2195 de
1065 2136 1192 2221 Specta·

145 2219 222 2284 culis
237 2243 311 2306 pag.
325 2221 378 2303 98.
401 2222 498 2282 Aures
519 2227 551 2280 et
571 2219 670 2282 arabs
693 2239 843 2299 apparere
864 2219 1006 2299 spiritu.-
1033 2224 1110 2283 Cum
1130 2222 1191 2304 spi-

145 2306 218 2370 ritui
233 2314 402 2387 appareant
415 2324 503 2368 aures
522 2313 551 2365 et
570 2304 649 2367 oculi
657 2329 670 2382 ,·
692 2325 748 2366 uec
766 2302 864 2384 possit
886 2304 1014 2368 muudus
1036 2308 1191 2386 proestari,

148 2393 233 2477 crpus
247 2390 435 2472 apparitores
448 2390 650 2472 inquinantur.
675 2390 824 2451 Rrautr.

190 2476 275 2539 Ibid.
291 2475 310 2538 l.
325 2478 354 2538 6.
378 2474 532 2563 processio
550 2473 714 2558 modestia]
739 2474 956 2538 Procedebant
977 2474 1009 2537 in
1029 2475 1192 2562 publicum

148 2561 316 2627 Christiani
326 2559 584 2625 modestohabitu
595 2559 759 2646 vultuque.
781 2560 832 2623 Sic
842 2559 897 2624 lib.
907 2562 957 2622 II.
970 2561 1010 2624 de
1022 2561 1121 2625 Cultu
1132 2565 1194 2627 Fe-

147 2648 257 2712 minar.
281 2647 369 2710 Vobis
382 2657 484 2710 autem
499 2647 583 2708 natta
599 2646 779 2727 procedendi
793 2667 886 2710 caasa
900 2668 959 2709 aaa
976 2648 1090 2710 tetrica.
1128 2651 1193 2713 Aut

148 2733 311 2796 inrbeca'llas
326 2733 435 2816 aliquis
453 2755 490 2796 ea
501 2729 654 2812 fratribus
667 2733 819 2808 visitatur,
835 2742 889 2795 aat
903 2732 1085 2818 smu'flciara
1099 2733 1191 2820 ‹ffer-

149 2831 207 2898 tar,
224 2829 278 2883 aat
292 2819 356 2882 Dei
369 2840 465 2881 sarno
480 2817 710 2882 administratur
726 2820 780 2881 &a
796 2841 870 2905 pag.
883 2818 935 2880 80.
958 2820 1105 2883 Rraanr.

192 2905 277 2968 Ibid.
297 2903 318 2968 l.
339 2907 388 2967 16.
412 2904 451 2967 de
473 2902 564 2968 saevis
590 2918 621 2966 et
646 2903 798 2990 perversis
821 2903 981 2990 doctrinis]
1010 2905 1104 2970 Seria.
1142 2905 1193 2970 Sic

147 2992 264 3077 optime
279 2990 357 3054 liber
373 2990 492 3054 Ursini.
519 2992 637 3066 Antea,
652 2992 736 3054 scau.
765 2989 863 3053 Nullo
878 3012 978 3054 sensu.
1011 2993 1101 3056 Seras
1115 2991 1192 3056 doc-

147 3077 244 3141 trinas
257 3075 332 3140 dicit
348 3075 548 3153 Antichristi,
563 3075 655 3161 cujus
670 3090 812 3162 tempora
825 3075 957 3163 excipiet
968 3078 1195 3142 consummatio

148 3163 254 3226 seculi.
300 3163 379 3225 'Pria
399 3177 539 3248 tempora
553 3161 586 3224 in
602 3161 792 3225 Tertulliani
812 3161 933 3248 scriptis
947 3178 1075 3228 cunctas
1091 3164 1192 3227 homi·

149 3272 225 3313 num
244 3261 351 3312 aetates
365 3247 523 3312 dividunt.
567 3250 711 3324 Naturae,
727 3247 815 3334 legis,
831 3260 863 3310 et
877 3248 1038 3346 evangelii.
1078 3251 1193 3335 Itaque

149 3335 296 3398 ultimum
311 3346 358 3396 est
372 3334 524 3421 evangelii
542 3348 666 3419 tempus
686 3333 873 3419 subrepente
889 3334 1086 3398 Ant1christo
1102 3352 1134 3399 et
1149 3359 1194 3398 se-

148 3420 211 3484 culi
224 3421 296 3483 fine.
321 3420 402 3483 Haec
418 3421 619 3498 Rrannrrus,
635 3418 691 3504 qui
705 3420 779 3482 seris
792 3419 919 3505 recepit.
958 3423 1121 3497 Attamen,
1137 3445 1191 3484 ex·

149 3521 235 3570 tante
256 3505 285 3572 in
329 3506 555 3570 raecedentibus
575 3504 764 3569 editionibus
783 3507 881 3585 sceau,
901 3505 988 3570 haud
1008 3507 1192 3593 spernenda,

148 3593 212 3655 imo
234 3528 450 3677 atriplectenda
474 3607 530 3668 est,
555 3591 734 3677 conjectura
759 3591 851 3654 Junii
875 3593 981 3656 scavis
1004 3593 1192 3680 reponentis.

150 3677 271 3741 Glossae
287 3679 369 3742 Vett.
389 3685 506 3755 Σκαῖος,
521 3698 645 3756 scasas,
666 3698 771 3753 aarum,
786 3699 911 3759 pravas.
956 3677 1052 3743 Seruis
1072 3679 1104 3744 in
1125 3678 1193 3744 edi-

148 3763 265 3826 tionem
284 3787 372 3827 suam
391 3763 548 3831 revocavit
564 3762 765 3842 Thomasius,
780 3763 938 3851 adscripta
951 3763 1050 3829 altera
1063 3765 1195 3830 lectione

149 3849 223 3911 seris
238 3849 279 3912 ad
293 3872 389 3915 oram.

193 3935 277 3999 Ibid.
304 3935 326 4000 l.
354 3938 405 4004 26.
441 3936 556 4020 Itaque
578 3934 700 3998 veniam
726 3935 945 4020 merebuntur]
974 3933 1097 3999 lrouice
1126 3934 1194 3998 haec

149 4019 242 4097 dicta,
259 4020 338 4084 sicut
351 4020 473 4085 notavit
488 4019 655 4085 Semlerus.

194 4105 278 4170 lbid.
299 4106 322 4170 l.
337 4128 392 4193 33.
420 4106 525 4192 semel]
552 4109 599 4172 H.
616 4130 643 4171 e.
668 4107 757 4186 ἅπαξ,
780 4122 903 4171 tantum
926 4105 1030 4185 semel,
1053 4127 1116 4170 non
1137 4104 1195 4169 ite

149 4214 229 4256 rum.

191 4279 232 4344 P.
250 4293 322 4365 155.
344 4277 416 4345 La.
446 4279 501 4342 sed
530 4301 629 4364 quum
656 4301 712 4342 vos
737 4301 800 4344 non
825 4275 1003 4364 crederetis]
1036 4274 1196 4341 Particula
