2678 4830
7 320 44 419 ’,
151 339 216 404 216
281 338 1081 406 suuorsrauv.onunsnanusns.

151 512 358 592 blasphemare
377 533 436 575 aaa
454 512 579 575 dorna.
625 513 725 576 Extat
746 511 813 575 haec
832 510 923 574 lectio
943 509 975 573 in
995 511 1202 609 subsequenti

151 595 227 660 edit.
249 597 350 660 Paris.
395 596 520 660 Deinde
542 596 701 661 Parnelius
722 620 761 661 ex
783 597 889 661 codice
910 595 1010 660 edidit
1031 599 1199 672 Vctrccn03

153 681 266 747 Clrristi
284 704 341 764 pro
360 683 478 746 nomine
494 684 719 766 comprehensu
735 683 869 768 negauit.
915 683 988 747 Hoc
1006 696 1131 747 secutus
1151 698 1202 748 cst

152 767 315 856 Rigaltius.
354 768 503 833 Volneret
518 791 645 855 quoque
660 769 806 833 Latinius
819 767 933 856 legere,
950 769 1064 833 Carini
1073 791 1131 852 pro
1145 791 1201 834 ao-

150 856 239 934 rnine,
264 877 327 918 non
349 856 503 920 Christum
525 856 732 938 pronomine.
789 853 852 919 Sed
877 854 918 919 de
941 855 1000 919 hac
1025 855 1201 954 quastione

150 939 239 1005 aliter
260 940 369 1019 sentio,
385 956 416 1005 et
435 940 504 1027 ipsa
523 963 650 1027 quoque
668 939 808 1004 lectionis
822 963 895 1026 quae
909 954 996 1006 extat
1009 956 1141 1006 varietas
1157 964 1200 1006 ex

149 1027 349 1113 corruptione
374 1026 538 1091 locutionis
559 1049 670 1114 parum
694 1025 859 1090 intellectae
879 1042 950 1091 orta
972 1050 1038 1091 esse
1060 1028 1199 1092 videtur.

150 1111 278 1178 Phrasis
299 1113 395 1200 hujus
413 1111 558 1199 exempla
571 1125 681 1177 extant
694 1113 726 1175 in
743 1112 932 1176 Tertulliani
946 1113 1027 1178 libro
1037 1115 1090 1177 De
1103 1115 1197 1178 Pati-

149 1199 243 1277 entia,
258 1221 372 1262 nomen
392 1221 459 1262 cam
472 1197 600 1280 familia
617 1199 710 1281 ipsias
728 1209 944 1283 parmata,
960 1222 1027 1287 cap.
1041 1218 1070 1264 2.
1087 1214 1119 1264 et
1138 1199 1196 1266 lib.

151 1285 264 1350 Contra
281 1285 440 1348 Grrostr'cos
454 1307 523 1372 cap.
541 1304 591 1348 11.
623 1286 782 1349 Caeterum
797 1284 892 1349 refert
908 1285 1076 1373 Rigaltius‚
1092 1308 1199 1350 emen-

148 1369 260 1435 datum
274 1393 340 1436 esse
353 1370 439 1436 hunc
456 1369 571 1436 librum
587 1371 625 1434 de
639 1371 769 1435 Praescr.
785 1370 905 1434 flaret.
920 1371 994 1436 locis
1009 1370 1150 1458 quinque
1164 1387 1199 1437 et

148 1456 319 1544 nonaginta
339 1480 378 1521 ex
398 1456 557 1522 codicibus
577 1457 604 1519 A
647 1456 738 1522 bardi
755 1470 786 1520 et
807 1456 927 1522 Ursini.
972 1460 1045 1544 Ego
1058 1481 1078 1521 a
1091 1481 1199 1523 recen-

148 1543 233 1608 sione
248 1541 429 1630 Rigaltiana
443 1542 579 1630 octogies
676 1542 725 1607 ssi.

192 1630 229 1693 P.
245 1631 316 1694 168.
333 1629 355 1693 l.
368 1649 398 1714 9.
422 1628 511 1694 nullo
524 1629 585 1694 alio
599 1652 665 1717 prae
679 1628 798 1706 caeteris
814 1627 873 1692 nisi
892 1627 957 1692 sola
973 1628 1105 1715 justitiae
1119 1653 1196 1695 auc-

148 1714 288 1804 toritate]
315 1715 365 1780 Sic
389 1714 463 1779 edd.
488 1714 701 1780 Rhenanianae
722 1727 754 1779 et
780 1714 879 1780 Pan's.
904 1715 990 1778 nulla
1015 1715 1078 1779 alia
1103 1715 1194 1781 editt.

148 1800 284 1865 Frenek.
301 1816 333 1866 et
349 1800 536 1888 Rigaltiana.
569 1800 776 1867 Scribendum
790 1800 926 1878 videtur,
942 1802 1024 1864 nullo
1037 1801 1098 1866 alio
1112 1824 1194 1889 prae·

147 1886 308 1953 cellentem
325 1887 451 1966 crateris,
465 1887 524 1951 alsi
537 1887 745 1970 solajnstitiae
760 1888 935 1951 autoritate.

191 1973 277 2038 lbid.
292 1971 315 2037 l.
329 1977 380 2038 26.
405 1972 598 2062 Victorinus]
612 1974 664 2037 De
677 1973 737 2038 hoc
752 1972 911 2038 Victorino
925 1971 1003 2036 nihil
1018 1972 1103 2059 apud
1117 1972 1197 2038 alios

147 2059 320 2147 scriptores.
356 2062 570 2124 Auuorsrro
584 2060 624 2125 ad
640 2059 716 2125 edit.
731 2059 829 2145 hujus
841 2058 937 2123 libelli
952 2059 1135 2123 Romanam.
