2678 4830
523 313 588 380 DE
612 313 872 379 ORATIONE.
1177 319 1221 388 99

173 487 303 583 Itaque
321 485 372 558 sic
390 485 577 558 adorantes
595 485 705 558 etiam
723 497 946 584 praeceptum
967 485 1123 559 obimus.
1154 485 1223 560 Fe-

49 630 51 635 ·
173 601 259 675 lices
280 601 344 698 qui
367 601 509 674 Patrem
532 614 744 700 agnoscunt.
788 601 877 674 Hoc
896 613 961 692 est,
978 600 1076 699 quod
1097 601 1222 676 Israeli

172 717 402 815 exprobatur,
419 717 517 813 quod
535 717 669 790 coelum
690 743 732 790 ac
749 729 881 789 terram
905 716 1060 817 Spiritus
1078 730 1220 792 contes-

172 844 281 917 tatur,
294 831 420 921 Filios,
431 831 565 921 dicens,
580 830 691 924 (Esai.
702 830 726 904 i.
744 836 790 928 1.)
808 833 935 931 genui,
949 843 985 906 et
1001 833 1061 906 illi
1076 860 1220 908 menon

144 957 411 1046 sognoveramt.
457 947 625 1021 Dicendo
651 960 773 1022 autern
799 961 951 1048 patrem,
976 948 1099 1023 Deum
1129 976 1220 1047 quo-

171 1090 244 1161 que
266 1063 579 1162 cognominamus.
624 1063 834 1163 Appellatio
859 1064 928 1137 ista
952 1078 989 1138 et
1013 1064 1157 1162 pietatis
1183 1079 1220 1140 et

170 1181 359 1279 potestatis
377 1191 443 1252 est.
491 1179 586 1252 Item
607 1180 644 1251 in
664 1180 768 1252 Patre
786 1179 900 1252 Filius
918 1181 1117 1270 invocatur,
1135 1180 1220 1280 Ego

172 1297 279 1385 enim,
295 1295 426 1393 inquit,
445 1296 519 1387 (Jo.
536 1321 573 1368 x.
590 1300 666 1392 30.)
682 1305 717 1368 et
733 1295 852 1368 Pater
868 1322 982 1369 unum
997 1322 1133 1370 sumus.
1159 1297 1220 1372 Ne

173 1424 290 1486 mater
306 1410 453 1508 quidem
472 1410 622 1483 ecclesia
641 1410 855 1507 praeteritur.
881 1411 1068 1509 Siquidem
1088 1412 1126 1486 in
1144 1413 1220 1487 filio

127 1540 209 1600 10et
231 1539 331 1625 patre
354 1537 470 1599 mater
491 1525 772 1623 recognoscitur,
788 1525 834 1599 de
851 1554 923 1625 qua
946 1541 1087 1601 constat
1104 1541 1140 1602 et
1157 1556 1220 1629 pa·

171 1643 234 1718 tris
253 1655 290 1715 et
307 1640 373 1714 filii
390 1667 536 1713 nomen.
580 1639 667 1714 Uno
685 1641 795 1739 igitur
816 1668 946 1740 genere
963 1655 1025 1727 aut
1043 1641 1140 1744 (som
1159 1672 1221 1743 ge-

171 1759 298 1854 nerali)
316 1757 493 1832 vocabulo
516 1769 552 1830 et
577 1756 701 1830 Deum
728 1784 811 1830 cum
837 1758 911 1831 suis
935 1758 1167 1849 honoramus,
1183 1775 1220 1835 et

171 1873 341 1974 praecepti
359 1872 605 1958 meminimus,
623 1886 660 1946 et
677 1873 809 1946 oblitos
827 1873 941 1947 Patris
959 1872 1184 1950 denotamus.

220 1989 370 2063 Nomen
392 1989 465 2061 Dei
484 1989 600 2061 Patris
620 1989 757 2061 nemini
775 1987 957 2088 proditum
976 2001 1041 2062 est.
1094 1991 1218 2066 Etiam

127 2135 159 2196 ¹5
171 2105 235 2203 qui
261 2105 307 2178 de
336 2105 415 2203 ipso
435 2104 724 2202 interrogaverat
754 2104 916 2202 Moyses,
943 2102 1041 2175 aliud
1071 2104 1219 2202 quidem
1325 2102 1332 2117 '

171 2248 303 2294 nomen
323 2220 494 2295 audierat.
520 2219 639 2293 Nobis
657 2220 853 2292 revelatum
873 2219 983 2292 estin
1001 2219 1106 2293 Filio.
1131 2220 1218 2294 Jam

171 2333 269 2408 enim
296 2335 411 2408 Filius
437 2361 574 2408 novum
603 2335 716 2407 Patris
743 2360 877 2406 nomen
904 2345 986 2418 est,
1014 2332 1099 2432 Ego
1125 2336 1219 2423 vent,

171 2449 300 2546 inquit,
328 2452 401 2547 (Jo.
420 2478 453 2524 v.
471 2454 546 2547 42.)
573 2452 613 2524 in
638 2450 782 2523 nomine
806 2450 948 2523 Patris.
1004 2448 1055 2522 Et
1087 2460 1220 2542 rursus,

171 2565 291 2640 Pater
312 2564 488 2666 glorifico
508 2592 636 2640 nomeu
655 2577 770 2640 tuum.
813 2565 864 2639 Et
889 2565 1057 2665 apertius,
1075 2565 1221 2640 Nomen

83 2756 93 2765 ,
125 2693 274 2756 20tuum
292 2680 528 2783 monffestnoi
545 2682 758 2756 hominibus.
809 2680 853 2754 Id
871 2707 957 2779 ergo
975 2694 1015 2754 ut
1032 2705 1220 2756 sanctim-

171 2823 297 2872 cn‘run
314 2799 550 2897 postulamus.
576 2797 664 2872 Non
683 2796 783 2897 quod
801 2795 927 2871 deceat
944 2797 1110 2871 homines
1127 2799 1220 2873 bene
1278 2806 1280 2809 ’

170 2915 254 2987 Deo
270 2926 406 3014 optare,
419 2913 520 3010 quasi
536 2912 583 2987 sit
597 2927 633 2988 et
650 2913 748 2987 aliud
762 2913 807 2985 de
821 2938 894 3010 quo
910 2912 943 2985 ei
960 2913 1075 3012 possit
1092 2915 1220 3012 optari,

172 3041 234 3104 aut
259 3030 408 3120 laboret,
433 3029 502 3103 nisi
529 3042 707 3129 optemus.
760 3030 870 3102 Plane
902 3028 1062 3103 benedici
1093 3031 1221 3104 Deum

173 3146 281 3241 (Psal.
301 3146 371 3220 ciii.
391 3148 466 3241 22.)
486 3147 587 3220 omni
614 3148 695 3219 loco
716 3172 759 3219 ac
781 3157 944 3245 ternpore
968 3145 1155 3235 condecet,
1172 3146 1219 3218 ob

126 3290 159 3351 25
171 3260 329 3335 debitam
362 3289 505 3363 semper
532 3263 745 3336 memoriam
770 3261 1029 3335 beneficiorum
1058 3260 1147 3357 ejus,
1172 3262 1218 3334 ab

171 3378 270 3451 omni
289 3379 450 3451 homine.
494 3378 566 3452 Sed
584 3392 620 3452 et
639 3379 708 3451 hoc
726 3376 986 3451 benedictionis
1003 3376 1081 3450 vice
1098 3376 1219 3476 fungi-

80 3510 85 3517 ·
170 3507 239 3565 tur.
266 3493 438 3568 Ceterum
457 3494 603 3595 quando
620 3520 694 3568 non
712 3508 877 3569 sanctum
896 3506 933 3566 et
950 3492 1216 3566 sanctificatum

171 3621 224 3681 est
241 3637 305 3708 per
322 3611 558 3712 semetipsum
576 3638 711 3685 nomen
727 3612 812 3696 Dei,
830 3636 944 3708 quum
963 3623 1098 3682 ceteros
1116 3636 1218 3684 sanc·

98 3822 102 3828 Ι
169 3723 285 3798 tificet
309 3753 355 3799 ex
382 3727 600 3827 semetipso?
640 3727 711 3799 Cui
739 3727 799 3799 illa
824 3725 1038 3826 angelorum
1063 3726 1217 3799 dream·

121 3844 309 3930 gostantiu
330 3870 402 3918 uon
424 3854 567 3918 cessant
590 3844 710 3918 dicere
728 3844 897 3932 Sanctus,
916 3841 1086 3932 Sanctus,
1102 3841 1218 3917 Sauc-

170 3967 230 4031 tus
249 3959 364 4057 (Esai.
382 3961 428 4035 vi.
442 3974 477 4035 3.
500 3960 616 4059 Apoc.
636 3961 681 4033 iu.
697 3962 761 4055 8.).
802 3958 955 4032 Proinde
972 3957 1083 4056 igitur
1099 3972 1136 4031 et
1151 3985 1217 4031 nos

171 4078 395 4172 angelorum,
413 4077 443 4149 si
464 4076 712 4166 meruerimus,
729 4075 908 4149 candidati
930 4075 1008 4170 jam
1038 4073 1124 4146 hinc
1143 4097 1219 4145 coe-

171 4189 299 4264 lestem
326 4191 427 4265 illam
453 4193 490 4264 in
517 4192 642 4266 Deum
667 4218 807 4278 vocem,
832 4203 869 4264 et
898 4189 1058 4264 officium
1087 4187 1218 4262 futurae

668 4325 725 4373 112
1059 4320 1063 4327 '
