2678 4830
306 497 674 583 ΙΠΠΟΛΥΤΟΥ
707 501 1078 593 ΕΠΙΣΚΟΠΟΤ

230 724 314 801 ΕΙΣ
342 725 455 800 ΤΗΝ
484 728 691 806 ΑΙΡΕΣΙΝ
719 733 942 810 ΝΟΗΤΟΥ
968 736 1142 814 ΤΙΝΟΣ.

379 970 705 1060 HIPPOLYTI
735 979 995 1066 EPISCOPI

154 1226 157 1231 ·
195 1183 408 1257 CONTRA
436 1186 682 1262 HAERESIM
709 1192 872 1265 ΝΟΕΤΙ
899 1195 1181 1269 CUJUSDAM.

140 1427 157 1488 5
650 1448 727 1497 stvtt,

409 1576 603 1634 EXTREMA
622 1578 722 1636 PARS
742 1579 851 1638 LIBRI
871 1580 966 1640 EJUS

345 1718 586 1785 ADVERSUS
609 1722 771 1787 OMNES
794 1724 1033 1790 HAERESES.

548 1931 835 1978 -·0.....

167 2103 213 2184 a‘.
248 2071 458 2188 ETEPOI
491 2143 581 2194 τινες
612 2110 733 2214 ἑτέραν
765 2114 1000 2192 διδασκαλθνν
1028 2113 1206 2218 παρεισά-

167 2270 309 2338 γουσιν,
335 2233 518 2339 γενόμενοί
541 2272 634 2323 τινος
661 2237 806 2338 Νοήτου
829 2244 999 2341 μαθηταὶ,
1020 2239 1059 2326 ὃς
1080 2241 1122 2322 τὸ
1143 2243 1209 2342 μὲν

123 2365 268 2468 ιογένος
294 2364 339 2466 ἦν
366 2373 578 2470 Σμυρναῖος,
608 2369 650 2446 οὐ
676 2367 747 2471 πρὸ
774 2378 917 2449 πολλοῦ
945 2366 1074 2473 χρόνον
1103 2368 1207 2472 γενό-

167 2530 282 2594 μενος.
332 2495 450 2580 Οὗτος
469 2499 660 2602 φυσιωθεὶς
682 2501 730 2580 εἷς
752 2496 947 2601 ἐπῃρμένον
964 2492 1075 2601 ᾔχθη,
1096 2495 1210 2597 οἰήσει

166 2623 364 2722 πνεύματος
382 2625 575 2727 ἀλλοτρίου
597 2624 761 2727 ἐπαχθείς
782 2625 851 2717 (for.
867 2626 1060 2732 ἐπαρθείς).
1104 2621 1208 2734 Ἔφη

167 2751 229 2833 τὸν
251 2751 415 2857 Χριστὸν
436 2751 544 2832 αὐτὸν
565 2748 652 2832 εἶναι
673 2750 737 2833 τὸν
758 2751 917 2856 Πατέρα,
940 2755 999 2833 καὶ
1020 2753 1128 2834 αὐτὸν
1145 2754 1208 2834 τὸν
1336 2787 1337 2790 ’

168 2881 314 2985 Πατέρα
331 2885 565 2985 γεγεννῆσθαι
586 2885 645 2960 καὶ
665 2881 876 2961 πεπονθέναι
894 2883 952 2962 καὶ
969 2883 1205 2982 ἀποτεθιορκέ·

125 3040 236 3101 ι5ναι.
297 3012 443 3113 Ὁρᾶτε,
479 3008 568 3089 ὅσον
600 3010 742 3114 έπαρρα
773 3011 917 3113 καρδίας
948 3014 1007 3089 καὶ
1036 3012 1209 3118 φυσίωμα
1272 3079 1275 3085 .

167 3138 365 3241 πνεύματος
383 3142 576 3243 ἀλλοτρίου
595 3142 809 3240 ὑπεισῆλθεν
823 3146 871 3224 εἷς
886 3139 1004 3219 αὐτόν.
1028 3136 1130 3240 Ἤδη
1143 3140 1209 3240 μέν

168 3270 229 3349 οὖν
248 3271 286 3348 έκ
305 3275 376 3348 τῶν
394 3268 520 3372 ἑτέρων
537 3267 703 3374 πράξεων
721 3274 769 3353 εἰς
781 3276 887 3347 τοῦτο
901 3267 1043 3375 φέρεται
1061 3267 1082 3344 ὃ
1100 3265 1206 3368 ἔλεγ-

167 3431 230 3499 χος
248 3398 379 3494 αὐτῶν,
400 3396 455 3477 ὅτι
472 3396 522 3498 μὴ
540 3402 684 3506 καθαρῷ
708 3395 881 3496 πνεύματι
902 3395 1110 3503 ἐφθέγγετο.
1157 3395 1208 3474 ‘O

452 3558 599 3615 Francisco
614 3558 747 3615 iitrriano
760 3558 923 3632 Interprete.

206 3655 231 3713 l.
246 3657 317 3713 Am
329 3656 446 3731 quidam
460 3657 546 3714 aliam
558 3656 664 3714 doctri-
706 3655 830 3713 eundem
844 3655 970 3719 Patrem,
984 3655 1139 3730 ipsumque
1152 3655 1206 3711 Pa·

166 3757 234 3795 nam
255 3737 508 3803 subintroducunt,
523 3737 593 3795 facti
607 3738 664 3795 dis·
705 3748 780 3794 trem
799 3736 931 3814 genitum
950 3754 1013 3792 esse
1031 3746 1060 3792 et
1078 3754 1205 3811 passum.

166 3819 254 3895 cipuli
268 3821 417 3896 cujusdam
433 3821 535 3885 Noeti,
550 3820 601 3894 qui
615 3838 664 3897 ge·
705 3817 812 3875 Videte
827 3828 937 3895 quanta
950 3817 1037 3874 elatio
1057 3817 1161 3881 cordis,
1177 3827 1207 3874 et

165 3919 235 3960 nere
268 3901 385 3977 quidem
416 3901 583 3976 Smymaeus
610 3899 666 3958 fuit
706 3899 817 3957 inflatio
842 3899 960 3975 spiritus
979 3898 1067 3957 alieni
1088 3898 1120 3954 in
1138 3915 1206 3954 eum

164 3999 224 4040 non
240 3982 335 4039 multo
354 3993 432 4039 ante.
474 3983 532 4040 Hic
548 3981 666 4038 inflatus
706 3981 804 4038 subiit.
825 3981 892 4038 Jam
905 3981 994 4059 igitur
1007 3998 1042 4037 ex
1057 3979 1121 4036 aliis
1134 3977 1205 4034 acti-

122 4056 128 4070 *
163 4061 194 4120 in
208 4064 367 4122 elationem
378 4074 532 4139 provectus
548 4074 601 4128 est,
615 4063 665 4119 ali·
706 4063 760 4119 bus
791 4063 1004 4138 deprehensum
1039 4070 1091 4124 est,
1127 4058 1207 4133 quod

164 4146 212 4201 eni
246 4145 363 4221 spiritus
395 4143 607 4201 existimatione
635 4162 665 4200 e·
706 4162 766 4199 non
779 4142 953 4218 loquebatur
969 4141 1072 4217 spiritu
1084 4139 1205 4198 mundo.

162 4224 249 4282 latus.
285 4225 364 4282 Dixit
376 4226 424 4283 hic
439 4225 588 4282 Christum
603 4243 664 4282 esse
705 4223 764 4292 Qui
779 4224 857 4281 enim
870 4224 902 4280 in
916 4222 1058 4298 Spiritum
1072 4233 1206 4280 sanctum
