2768 4844
543 492 588 550 lN
609 491 823 551 LIBELLUM

260 683 562 769 Anvnnsus
591 686 792 768 onnus
822 684 1104 766 HAEnnsns

382 910 980 1014 ANNOTATIONES.

571 1198 791 1248 -—-÷-

199 1397 236 1460 P.
253 1413 323 1482 157.
344 1396 365 1460 l.
379 1415 409 1480 3.
434 1400 588 1474 QUORUM
612 1395 829 1459 haereticorum
854 1396 925 1484 bra]
950 1398 1030 1475 Quae
1052 1420 1136 1462 nunc
1159 1422 1207 1463 se-

155 1497 299 1568 quuntur
312 1483 343 1546 in
359 1482 576 1568 Hirsaugiensi
592 1481 697 1545 codice
710 1482 928 1566 praecedebant
939 1483 1052 1547 librum
1066 1487 1104 1548 de
1114 1486 1206 1549 Proe-

154 1569 373 1650 scriptionibus,
389 1569 476 1655 quod
497 1568 671 1631 Rhenanus
690 1567 807 1631 librarii
827 1569 946 1632 incuria
966 1569 1084 1634 factum
1099 1585 1203 1658 putat.

156 1656 197 1718 In
213 1654 443 1719 Patemaciensi
457 1654 563 1718 codice
577 1667 643 1717 erat
661 1669 821 1739 separatus
844 1654 966 1719 libellus
987 1659 1202 1739 ἀνεπίγραφος,

154 1739 185 1802 in
201 1740 299 1804 altero
312 1756 418 1805 autem
433 1740 512 1804 libro
527 1739 655 1803 titulum
671 1738 816 1817 habebat,
830 1743 982 1804 Adversum
997 1744 1107 1805 &unes
1125 1743 1203 1805 Hce-

153 1846 241 1888 reses.
281 1830 391 1913 Atque
405 1826 538 1890 subhac
554 1824 646 1889 titulo
665 1825 697 1888 in
715 1825 850 1889 editione
866 1827 1008 1890 Rhenani
1024 1827 1083 1892 ista
1097 1827 1205 1891 omnia

154 1911 318 1997 separatim
341 1935 455 1976 excusa
476 1924 560 1989 sunt,
579 1934 652 1975 cum
673 1911 706 1974 in
728 1911 837 1975 ceteris
859 1913 1048 1977 editionibus
1068 1936 1132 1977 uno
1153 1929 1201 1977 te-

154 2019 229 2060 nore
243 2021 315 2061 cum
331 1998 543 2085 superioribus
558 1997 673 2084 conjun
699 2013 806 2061 untur.
831 2000 987 2062 Snunnu.

197 2083 282 2146 Ibid.
298 2084 319 2147 l.
334 2106 365 2166 4.
392 2087 499 2149 Taceo
518 2083 600 2147 enim
616 2085 637 2149 J
640 2022 772 2147 uditismi
794 2084 969 2169 haereticos]
988 2087 1069 2148 Haec
1083 2083 1203 2170 legerat

153 2169 379 2256 Hieronymus,
396 2194 468 2235 cum
491 2170 640 2234 adversus
663 2169 880 2234 Luciferianos
901 2193 997 2256 agens
1022 2171 1131 2247 Taceo,
1150 2170 1202 2232 in-

151 2255 233 2340 quit,
248 2258 287 2319 de
300 2257 455 2320 «Iudaismi
471 2257 629 2333 baselicis,
645 2257 783 2339 quiante
797 2258 958 2320 adveutum
977 2256 1088 2319 Christi
1104 2256 1203 2339 legem

153 2343 299 2406 traditam
321 2344 516 2425 dissiparunt,
541 2344 621 2427 quod
642 2343 809 2405 Dositbeus
833 2343 1096 2405 Samaritanorum
1116 2342 1203 2423 ptiu-

151 2449 219 2509 ceps
237 2431 402 2511 propbetas
422 2430 592 2512 repudiauit
610 2429 664 2492 &a
688 2441 720 2491 et
737 2427 829 2506 infra,
844 2430 887 2491 ad
903 2449 953 2491 eos
972 2450 1019 2489 me
1040 2440 1200 2491 converto.

152 2514 368 2602 Hieronymus
383 2515 450 2579 eod.
467 2516 519 2579 Aa
532 2536 583 2577 eos
597 2515 684 2578 uenio
699 2515 865 2591 hereticos,
881 2515 932 2598 qui
946 2513 1105 2597 euangelia
1122 2514 1199 2576 laui-

150 2613 286 2665 aoeruut.
310 2603 458 2665 liranus.
504 2600 647 2664 Libellus
669 2600 728 2664 iste
750 2621 815 2663 una
839 2623 911 2663 cum
931 2599 1086 2663 Vincentii
1113 2598 1199 2662 Lin‘-

149 2686 252 2750 nensis
278 2687 520 2763 Commonitorio,
550 2700 581 2750 et
607 2685 797 2749 Tertulliani
818 2686 870 2748 De
900 2686 1198 2767 Proescriptiouibus,

150 2772 205 2834 sed
225 2773 389 2858 separatim
405 2796 424 2834 a
439 2772 628 2836 Tertulliani
643 2795 747 2859 opere,
763 2771 847 2858 typis
861 2793 995 2834 excusus
1014 2785 1060 2834 est
1081 2770 1141 2833 sub
1160 2770 1199 2834 ti-

149 2857 217 2921 tulo
235 2859 377 2943 Catologi
391 2858 613 2921 Hoereticouum
628 2881 647 2921 a
662 2857 776 2921 Carolo
792 2856 973 2921 Barbiellini
991 2857 1100 2921 Romae
1114 2879 1199 2920 anno

152 2945 245 3028 1765.
268 2947 342 3029 Ego
356 2943 494 3021 titulum,
507 2943 562 3029 qui
576 2943 608 3006 in
621 2943 695 3007 edit.
706 2943 845 3030 principe
856 2943 929 3006 huic
941 2942 1092 3030 opusculo
1102 2942 1198 3007 datus

149 3041 206 3105 est,
217 3032 368 3095 Adversus
380 3030 489 3092 Ouum
501 3030 652 3108 Haereses,
664 3051 718 3092 seu
730 3030 840 3110 potius,
854 3031 891 3091 de
901 3029 943 3091 H
941 3029 1083 3092 teretibus
1091 3028 1196 3108 Liber,

148 3114 263 3202 partim
277 3115 411 3202 praefixi.

192 3201 278 3265 Ibid.
293 3201 315 3264 l.
334 3222 384 3284 19.
407 3198 471 3264 Hic
485 3222 580 3263 ausus
592 3214 638 3263 est
653 3222 804 3263 summam
822 3222 854 3262 se
869 3199 1146 3277 dicere'virtutem,
1160 3198 1193 3262 id

147 3303 206 3365 est,
227 3309 384 3351 summum
407 3288 527 3370 Deum]
548 3285 695 3349 Similiter
717 3285 823 3349 scribit
839 3284 879 3348 de
901 3285 1025 3348 Simone
1047 3282 1196 3348 Tertulli-

147 3394 226 3436 anus
252 3373 333 3437 libro
353 3375 390 3435 dc
404 3373 514 3435 Anima
535 3395 601 3459 cap.
614 3391 668 3456 34,
692 3380 775 3435 etse
796 3371 915 3454 quidem
924 3371 1025 3456 fluuit
1045 3392 1193 3434 summum

60 3475 62 3479 ’
147 3460 286 3523 Patrem.
334 3459 499 3522 Referente
513 3481 641 3544 quoque
658 3459 780 3520 Irenaeo
794 3456 848 3520 lib.
862 3458 913 3520 II.
925 3459 1020 3520 Adas.
1037 3457 1193 3535 Haereses,

146 3567 213 3631 cap.
228 3546 258 3607 8.
272 3544 395 3608 dicebat
419 3544 526 3608 Simon
545 3543 614 3621 iste,
633 3545 825 3625 semetipsum
839 3563 904 3605 esse
918 3565 1066 3606 summum
1079 3543 1193 3605 Deum.

148 3631 270 3694 Ferunt
281 3631 493 3713 Apostolorum
508 3631 612 3707 Actus,
628 3629 783 3692 Simonem
800 3628 903 3715 ipsum
917 3628 1021 3710 λέγειν
1037 3629 1112 3692 εἶναι
1126 3653 1194 3691 τινα

148 3716 254 3780 ἑαυτὸν
269 3717 377 3799 μέγαν,
392 3731 519 3780 caeteros
538 3738 612 3779 vero
633 3737 740 3778 omnes
758 3714 797 3777 de
817 3738 854 3778 eo
869 3714 980 3791 dicere,
998 3714 1094 3779 Οὗτός
1109 3716 1194 3776 ἔστιν

145 3804 164 3882 ἡ
180 3804 299 3882 δύναμις
312 3808 365 3866 τοῦ
380 3803 493 3880 Θεοῦὴ
508 3801 635 3883 μεγάλη.
650 3823 719 3887 cap.
730 3801 791 3863 viii.
808 3823 920 3864 comm.
935 3821 982 3864 10.
999 3820 1049 3862 11.

192 3888 275 3952 Ibid.
296 3889 318 3951 l.
337 3906 389 3953 21.
412 3909 448 3950 ac
463 3886 604 3950 daemone
623 3910 656 3950 se
675 3887 839 3951 oberrante
858 3886 914 3972 qui
934 3901 1014 3949 esset
1029 3882 1190 3970 sapientia,

146 3973 341 4038 descendisse
355 3971 575 4059 quaerendum]
595 3975 648 4037 Ita
662 3995 694 4035 se
709 3972 804 4036 habet
818 3971 915 4036 editio
927 3972 1083 4058 princeps·
1128 3969 1191 4032 Sed

146 4059 177 4122 in
201 4059 325 4123 duabus
348 4057 569 4145 posterioribus
592 4058 734 4122 Rhenani
756 4058 955 4135 editionibus,
977 4080 1055 4144 quas
1077 4067 1192 4118 secutae

147 4159 220 4209 sunt
246 4145 333 4209 editt.
358 4143 459 4208 Paris.
483 4143 620 4208 Franek.
643 4144 830 4231 Rigaltiana‚
852 4156 939 4207 extat
961 4165 982 4207 a
1003 4144 1138 4205 damone
1159 4161 1192 4203 se

146 4233 311 4312 oberrante,
339 4231 390 4315 qai
412 4240 488 4294 esset
511 4231 671 4314 sapientia,
697 4231 884 4297 descendisse
906 4229 1107 4315 pantardum,
1131 4224 1191 4290 nisi
