2678 4830
354 345 418 407 DE
444 342 701 407 IDOLORUM
726 341 987 405 VANITATE.
1130 339 1193 404 263

150 529 253 588 nator
265 527 301 587 et
317 513 490 587 deductor
504 493 654 585 humani
669 512 807 610 generis
826 511 1094 611 praedicabatur.
1122 513 1195 602 Hic

151 645 206 705 est
223 631 334 705 virtus
356 630 441 719 Dei,
459 631 518 702 hic
537 629 637 719 ratio,
655 629 716 702 hic
734 631 907 727 sapientia
925 631 1001 726 ejus
1019 642 1055 702 et
1072 628 1194 728 gloria.

152 748 283 821 Hicin
300 747 475 844 virginem
493 745 681 836 delabitur,
699 773 843 819 carnem
868 746 1021 844 Spiritus
1042 747 1195 820 Sanctus

151 861 322 952 induitur,
342 862 445 934 Deus
472 889 555 934 cum
583 862 731 934 homine
759 862 939 935 miscetur.
992 863 1068 934 Hic
1092 863 1196 936 Deus

123 992 283 1068 5noster,
305 979 365 1051 hic
389 978 555 1051 Christus
579 992 643 1063 est,
662 979 725 1076 qui
750 978 925 1052 mediator
948 978 1114 1069 duorum,
1133 979 1198 1051 ho-

154 1093 452 1183 minem'induit,
478 1120 585 1190 quem
613 1093 785 1192 perducat
811 1096 856 1167 ad
882 1097 1037 1167 Patrem.
1089 1094 1199 1177 Quod

154 1210 265 1282 homo
291 1222 448 1282 estesse
474 1209 640 1282 Christus
665 1210 791 1295 voluit,
817 1223 919 1283 utet
950 1211 1061 1282 homo
1086 1210 1200 1309 possit

154 1353 230 1398 esse
255 1326 352 1423 quod
376 1326 542 1399 Christus
566 1339 630 1399 est.
683 1326 854 1400 Sciebant
874 1341 911 1399 et
931 1327 1051 1402 Judaei
1077 1327 1201 1400 Chris·

155 1457 233 1516 turn
253 1469 330 1515 esse
348 1457 550 1516 venturum.
600 1442 700 1515 Nam
721 1443 781 1515 hic
797 1443 868 1516 illis
887 1470 1029 1544 semper
1046 1445 1201 1543 prophe-

111 1560 201 1633 rotis
220 1559 496 1633 admonentibus
515 1558 804 1632 adnuntiabatur.
832 1559 902 1632 Sed
921 1561 1123 1659 significato
1136 1560 1202 1634 du-

156 1676 241 1776 plici
261 1674 337 1771 ejus
356 1675 523 1763 adventu,
541 1702 614 1747 uno
632 1675 693 1773 qui
711 1677 882 1750 exercitio
899 1689 936 1749 et
952 1678 1120 1777 exemplo
1137 1677 1203 1749 ho-

157 1792 264 1865 minis
292 1792 512 1889 fungeretur,
538 1792 648 1864 altero
679 1793 741 1889 qui
769 1793 892 1865 Deum
920 1795 1101 1883 fateretur,
1127 1820 1201 1867 non

156 1906 393 2006 intelligendo
428 1909 586 2007 primum
623 1906 830 1999 adventurn,
865 1911 926 2007 qui
964 1910 1001 1983 in
1036 1911 1202 2010 passione

157 2025 338 2125 praecessit
363 2026 539 2113 occultus,
565 2051 678 2097 unum
704 2040 847 2098 tantum
874 2026 1025 2099 credunt
1051 2027 1203 2124 quierit

113 2142 195 2229 15in
221 2153 398 2239 potestate
421 2140 643 2241 manifestus.
696 2140 802 2222 Quod
825 2155 945 2213 autern
969 2143 1039 2215 hoc
1056 2143 1204 2216 Judaeo.

159 2285 238 2331 rum
261 2257 417 2357 populus
441 2257 639 2354 intelligere
657 2282 730 2328 non
747 2256 877 2356 potuit,
895 2256 1107 2331 delictorum
1128 2285 1204 2332 me-

160 2374 271 2446 ritum
288 2374 368 2446 fuit.
416 2372 477 2446 Sic
494 2385 596 2445 erant
613 2373 796 2470 sapientiae
815 2386 851 2446 et
868 2373 1114 2471 intelligentiae
1131 2403 1205 2450 coe-

161 2490 269 2562 citate
298 2490 453 2578 multati,
478 2503 518 2562 ut
541 2489 603 2587 qui
628 2489 702 2561 vita
727 2488 866 2588 indigni
889 2503 1008 2562 essent
1033 2491 1207 2567 haberent

162 2606 274 2679 vitam
293 2619 375 2678 ante
393 2606 527 2690 oculos,
545 2632 612 2678 nec
628 2605 802 2678 viderent.

117 2751 153 2788 20
212 2722 298 2796 VII.
326 2722 455 2819 Itaque
476 2748 560 2794 curn
583 2722 761 2812 Christus,
785 2724 982 2797 secundum
1010 2752 1031 2797 a
1051 2726 1207 2824 prophe-

163 2837 209 2911 tis
236 2850 318 2911 ante
344 2837 525 2935 praedicta,
543 2839 652 2912 verbo
674 2854 711 2911 et
732 2838 830 2912 vocis
854 2840 1004 2938 imperio
1029 2840 1207 2914 daemonia

163 2953 209 3025 de
227 2954 436 3027 hominibus
454 2967 650 3045 excuteret,
668 2957 883 3054 paralyticos
900 2957 1138 3057 restringeret,
1156 2959 1208 3031 le-

164 3097 288 3168 prosos
309 3083 487 3169 purgaret,
504 3071 722 3146 illuminaret
738 3100 870 3164 coecos,
887 3073 1022 3147 claudis
1046 3101 1206 3172 gressum

165 3185 275 3272 daret,
308 3200 468 3260 mortuos
498 3215 618 3261 rursus
649 3189 836 3279 animaret,
866 3202 1009 3287 cogeret
1038 3191 1106 3262 sibi
1137 3191 1209 3263 ele-

120 3326 155 3387 25
168 3316 289 3376 menta
315 3304 492 3393 famulari,
520 3305 648 3378 servire
674 3319 809 3390 ventos,
836 3305 949 3378 maria
973 3305 1130 3394 obedire,
1156 3308 1210 3379 in-

165 3418 257 3491 feros
277 3418 413 3509 cedere,
425 3419 558 3510 Judaei,
576 3420 639 3518 qui
657 3421 760 3493 illum
780 3420 1005 3494 crediderant
1022 3422 1210 3496 hominem

166 3546 309 3606 tantum
335 3533 381 3606 de
408 3535 613 3609 humilitate
638 3536 752 3608 carnis
776 3551 813 3608 et
836 3537 1004 3634 corporis,
1026 3537 1212 3610 existima-

168 3651 254 3722 bant
280 3677 428 3748 magum
457 3651 501 3724 de
527 3652 671 3725 licentia
694 3653 891 3750 potestatis.
944 3654 1058 3727 Hunc
1079 3656 1212 3754 magis-

161 3767 213 3838 ·tri
236 3795 362 3842 eorum
387 3781 494 3867 atque
519 3770 703 3867 primoreS,
721 3769 791 3843 hoc
808 3783 872 3856 est,
890 3798 980 3869 quos
998 3785 1034 3844 et
1051 3772 1214 3846 doctrina

121 3907 159 3962 30
169 3882 229 3954 ille
255 3897 292 3958 et
317 3885 492 3985 sapientia
517 3885 732 3972 revincebat,
752 3887 890 3960 accensi
917 3888 968 3960 ira
990 3904 1027 3961 et
1049 3887 1214 3986 indigna-

169 3999 267 4070 tione
284 4003 468 4096 provocati
489 4002 641 4075 insecuti
660 4015 755 4093 sunt,
772 4016 809 4075 et
824 4021 1006 4102 postremo
1023 4004 1212 4078 detentum

170 4114 299 4186 Pontio
325 4116 450 4207 Pilato,
476 4117 538 4215 qui
564 4132 651 4190 tunc
676 4145 722 4190 ex
748 4132 849 4217 parte
875 4118 1040 4192 Romana
1070 4120 1212 4219 Syriam

171 4232 395 4330 procurabat,
412 4231 645 4325 tradiderunt,
658 4261 801 4308 crucem
820 4233 897 4329 ejus
914 4248 952 4309 et
968 4248 1120 4309 mortem
1141 4237 1214 4310 suf-

672 4369 721 4430 s4
