2678 4830
337 320 371 383 S.
389 317 571 382 IRENAEI
596 316 664 381 AD
687 317 951 382 FLORlNUM.
1125 320 1168 386 87

169 491 207 555 P.
223 510 276 575 33.
299 489 323 552 l.
341 509 370 552 1.
394 490 523 554 κατὰτὸ
548 490 673 570 σύνηθες
693 489 783 575 αὐτῷ]
811 490 988 553 Pronomen
1013 490 1090 575 αὐτῷ
1112 489 1167 553 ad-

124 576 204 656 didi,
219 574 307 675 quod
321 589 409 640 extat
425 597 497 640 cum
515 574 600 660 apud
620 574 834 662 Nicephorum
853 575 983 640 Eusebii
1002 590 1165 663 excerpto·

124 686 202 742 rem,
214 661 270 726 hb.
280 663 405 726 XXX.
414 663 504 726 Hui.
517 662 604 726 Eccl.
616 683 684 748 cap.
697 683 729 744 4.
742 675 810 726 tum
821 661 908 749 apud
917 661 1072 726 Rufinum
1083 675 1166 726 vete-

124 773 191 815 rem
210 746 342 814 Eusebii
361 747 573 836 interpretem,
590 747 645 835 qui
663 747 705 812 sic
719 748 822 827 vertit,
835 771 873 812 ac
886 751 968 813 sirm
982 749 1079 812 moris
1096 758 1167 813 erat

124 839 166 916 ei,
186 859 258 901 cum
279 836 420 900 dixisset.
466 836 506 898 Iu
528 835 644 899 notulis
665 859 792 922 quoque
813 835 854 899 ad
877 835 1051 900 Eusebium
1073 858 1166 900 suum

127 921 285 988 Strothius
297 920 381 985 idem
396 919 493 985 suasit
507 920 698 985 addendum.

169 1009 254 1073 Ibid.
268 1007 289 1072 l.
303 1022 336 1092 5.
357 1014 420 1075 ταῖς
433 1010 617 1090 γειτνιώσαις
632 1008 812 1091 ἐκκλησίαις]
830 1009 883 1072 Ex
897 1007 946 1073 his
961 1007 1088 1094 quidem
1103 1008 1168 1095 epi-

125 1095 210 1161 stolis
235 1108 386 1181 praestsns
406 1093 461 1157 illa
483 1093 539 1157 viri
565 1093 661 1158 sancti
683 1093 723 1157 ad
750 1093 975 1182 Philippenses,
1002 1116 1074 1180 quae
1099 1093 1166 1159 haec

126 1181 289 1270 Opuscula
301 1180 492 1267 auspicatur,
506 1179 609 1244 adhuc
624 1192 774 1266 superest.

169 1267 253 1333 Ibid.
274 1266 296 1331 l.
319 1284 350 1349 7.
380 1269 501 1332 δύναται
529 1267 763 1354 φανερωθῆναι]
795 1265 968 1351 Subjunxit
997 1266 1165 1347 Eusebius,

125 1360 227 1421 Ταῦτα
245 1357 262 1418 ὀ
282 1356 446 1434 Εἰρηναῖος.
473 1352 618 1417 Dicerem
637 1353 709 1417 hinc
726 1351 875 1417 excidisse
890 1357 974 1417 ταῦτα
988 1367 1060 1439 post
1077 1350 1164 1418 δύνα-

126 1469 184 1518 ται,
206 1441 267 1505 nisi
288 1438 417 1503 ferenda
438 1438 478 1504 sit
498 1439 624 1525 ellipsis.
661 1440 732 1503 Vet.
756 1440 876 1525 Interp.
901 1439 1038 1503 Rufinus
1059 1438 1164 1517 habet,

126 1529 191 1594 Sed
211 1548 252 1592 ιν
273 1527 412 1615 epistolis
432 1527 501 1613 ejus
521 1548 600 1614 quae
621 1527 902 1613 πήραν-μαίων
923 1528 1077 1591 sententia
1098 1527 1166 1612 (βω

125 1614 442 1702 evidsntcragnocci.
476 1613 557 1677 Haec
571 1615 726 1677 Irenaem.
