2678 4830
119 346 184 414 274
500 344 534 409 S.
549 344 785 411 CYPRIANI

118 516 182 591 tria
199 515 246 589 de
261 515 393 589 soeculo
410 514 615 589 liberantur.
659 516 866 590 Mortalitaa
882 516 953 590 istu
968 529 1012 591 ut
1027 517 1057 592 J
1060 518 1183 594 udoeia

119 645 157 706 et
181 630 376 731 gentilibus
399 644 437 705 et
458 630 594 705 Christi
619 630 783 705 hostibus
807 631 918 730 pestis
935 644 1001 720 est,
1020 632 1074 706 ita
1099 632 1180 707 Dei

119 749 228 823 servia
255 747 418 821 salutaris
444 773 610 821 excessus
636 761 701 821 est.
753 748 839 822 Hoc
862 746 960 845 quod
987 747 1068 822 sine
1097 750 1179 823 ullo

119 865 327 940 discrimine
357 864 497 963 generis
527 863 678 936 humani
710 889 793 937 cum
830 862 970 959 injustis
1005 865 1179 939 moriun-

119 995 180 1056 tur
206 994 243 1055 et
262 980 365 1076 justi,
392 1007 465 1053 non
492 992 547 1052 est
577 978 674 1076 quod
705 978 839 1079 putetis
865 978 967 1051 bonis
993 992 1030 1052 et
1061 982 1205 1064 maliss

120 1096 303 1170 interitum
336 1122 412 1169 csse
442 1122 687 1169 communem.
738 1094 797 1167 Ad
825 1094 1048 1194 refrigerium
1075 1096 1175 1193 justi

120 1225 305 1298 vocantur,
331 1212 374 1285 ad
402 1211 619 1311 supplicium
646 1212 836 1310 rapiuntur
861 1209 994 1307 injusti.
1046 1211 1176 1288 Datur

120 1329 277 1403 velocius
295 1329 409 1403 tutela
425 1327 633 1416 fidentibus,
648 1327 793 1426 perfidis
810 1354 931 1428 poena.
966 1328 1172 1427 Improvidi

121 1459 159 1520 et
180 1447 310 1545 ingrati
337 1472 475 1535 sumus,
492 1445 616 1518 fratres
639 1443 877 1534 dilectissimi,
894 1443 937 1518 ad
961 1444 1085 1518 divina
1110 1446 1174 1519 be·

121 1563 261 1651 neficia,
280 1589 347 1636 nec
364 1561 452 1658 quid
471 1561 576 1633 nobis
593 1559 796 1633 conferatur
812 1560 1053 1658 agnoscimus.
1093 1561 1175 1636 Ex·
1187 1593 1224 1632 ιο

122 1677 258 1753 cedunt
279 1704 362 1750 ecce
384 1677 421 1748 in
445 1703 534 1776 pace
560 1689 648 1750 tutae
670 1704 755 1751 cum
778 1676 890 1775 gloria
914 1703 979 1750 aua
999 1677 1174 1777 virgines,

121 1792 298 1868 venientis
321 1790 520 1864 antichristi
542 1792 659 1865 minas
677 1805 713 1866 ct
730 1792 948 1892 corruptelas
965 1806 1002 1866 et
1019 1793 1177 1893 lupana-

121 1907 173 1981 ria
203 1932 275 1979 non
303 1905 492 1988 timentes3
520 1907 622 2004 pueri
650 1907 850 2006 periculum
879 1907 1025 1981 lubricae
1053 1916 1175 1984 aetatis

122 2023 290 2112 evadunt,
303 2021 347 2095 ad
365 2019 597 2094 continentiae
616 2033 723 2119 atque
740 2022 957 2097 innocentiae
974 2026 1175 2124 praemium

122 2137 274 2213 feliciter
294 2135 529 2237 perveniunt3
555 2149 736 2210 tormenta
754 2137 832 2234 jam
857 2165 931 2212 non
952 2139 1060 2214 timet
1081 2139 1174 2215 deli·
1187 2169 1222 2231 15

122 2268 202 2330 cata
216 2267 389 2340 matrona,
405 2266 543 2327 metum
561 2254 818 2354 persecutionis
832 2267 869 2328 et
885 2282 1013 2329 manns
1030 2257 1175 2332 crucia·

120 2384 253 2470 tuaque
276 2369 452 2445 carnificis
483 2369 659 2444 moriendi
690 2369 871 2444 celeritate
900 2372 1047 2446 lucrata.
1100 2374 1173 2448 Pa-

120 2514 205 2561 vore
222 2486 450 2560 mortalitatis
467 2499 503 2559 et
522 2485 618 2587 (jor.
632 2485 770 2560 delenti.
783 2487 835 2581 et)
854 2489 1026 2589 temporis
1042 2516 1176 2566 accen-

120 2602 257 2676 duntur
273 2602 399 2703 tepidi,
416 2603 712 2702 constringuntur
728 2602 881 2694 remissi,
894 2604 1100 2679 excitantur
1117 2607 1174 2707 ig-

122 2719 216 2808 navi,
242 2719 437 2792 desertores
465 2719 731 2819 compelluntur
760 2733 801 2792 ut
831 2720 988 2811 redeant,
1015 2721 1173 2819 gentiles
1186 2755 1225 2795 20

121 2847 302 2933 coguntur
319 2848 360 2907 ut
378 2835 535 2922 credant,
552 2848 653 2907 vetus
671 2834 832 2910 fidelium
852 2837 1007 2936 populus
1024 2837 1070 2911 ad
1088 2840 1175 2938 qui-

121 2962 215 3023 etem
235 2961 393 3037 vocatur,
410 2949 454 3022 ad
478 2949 591 3022 aciem
610 2977 732 3024 recens
751 2965 788 3026 et
804 2953 971 3053 copiosus
988 2957 1173 3032 exercitus

120 3066 247 3139 robore
265 3063 409 3137 fortiore
427 3063 617 3163 colligitur,
632 3081 854 3166 pugnaturus
868 3070 945 3143 sine
958 3084 1057 3144 metu
1072 3098 1173 3146 mor·
1223 3072 1226 3078 ’

120 3184 167 3259 tis
192 3209 277 3256 cum
298 3182 469 3282 proelium
491 3181 638 3271 venerit,
656 3184 718 3280 qui
743 3186 787 3258 ad
810 3187 978 3261 militiam
1004 3201 1172 3288 tempore

121 3299 350 3374 mortalitatis
369 3299 515 3374 accedit.
1183 3326 1223 3388 25

171 3415 222 3487 X.
249 3416 348 3497 Quid
373 3416 502 3490 deinde
528 3417 629 3506 illud,
651 3417 775 3490 fratres
800 3417 1035 3520 dilectissimi,
1061 3423 1171 3518 quale

122 3543 186 3620 est,
203 3556 311 3628 quarn
330 3531 524 3630 pertinens,
542 3559 650 3630 quam
671 3534 923 3623 necessarium,
941 3536 1036 3633 quod
1054 3537 1169 3637 pestis

122 3646 190 3720 ista
213 3658 250 3716 et
273 3644 360 3733 lues,
377 3671 459 3742 quae
484 3647 661 3720 horribilis
680 3662 716 3721 et
738 3650 856 3723 feralis
873 3651 1026 3744 videtur,
1043 3653 1170 3754 explo-

122 3775 177 3836 rat
187 3760 369 3858 justitiam
389 3762 627 3860 singulorum,¹
643 3777 680 3836 et
703 3780 841 3840 mentes
859 3767 1009 3842 humani
1027 3771 1170 3868 generis

122 3877 317 3962 examinat,
345 3904 390 3950 an
416 3878 567 3950 infirmis
597 3880 752 3954 serviant
785 3883 872 3974 sani,
899 3911 945 3957 an
973 3886 1168 3985 propinqui
1178 3905 1222 3963 30

122 4007 293 4095 cognatos
309 3993 370 4093 pie
386 3993 548 4090 diligant,
566 4022 611 4067 an
630 3997 866 4072 misereantur
888 4027 1071 4074 servorum
1091 4002 1169 4075 lan-

121 4112 308 4212 guentium
333 4110 483 4199 domini,
504 4139 550 4185 an
574 4111 807 4212 deprecantes
832 4141 946 4214 aegros
969 4145 1043 4191 non
1064 4117 1170 4193 dese-

121 4240 202 4300 rent
232 4227 374 4317 medici,
403 4255 446 4300 an
478 4227 614 4302 feroces
641 4229 851 4304 violentiam
877 4259 980 4307 suam
1011 4234 1169 4335 compri-
