2678 4830
28 4047 104 4097 CAP

38 4112 100 4162 vn.

148 296 211 359 102
500 289 839 354 TERTULLIANI

148 461 256 538 tionis
274 460 461 534 instruxit!
481 473 521 534 ut
537 473 620 559 post
636 459 809 548 coelestia,
822 456 858 531 id
871 469 927 530 est
939 468 1022 555 post
1039 455 1114 530 Dei
1133 482 1202 530 no-

150 604 247 668 men,
264 576 336 650 Dei
354 577 589 665 voluntatem,
606 587 644 647 et
664 575 736 648 Dei
760 599 923 673 regnum,
939 571 1088 645 terrenis
1106 598 1202 667 quo-

151 720 223 794 que
246 691 519 766 necessitatibus
545 690 711 789 petitioni
738 688 836 790 (for.
854 686 1044 788 petitione)
1071 687 1199 760 locum

150 807 306 883 faceret?
348 807 448 881 Nam
472 820 509 880 et
531 804 689 879 edixerat
709 805 893 879 Dominus
912 805 1035 896 (Matt.
1056 802 1199 900 vi..33.)

155 925 318 1005 Querile
328 924 438 1022 prius
453 948 623 1021 reguum,
642 932 677 995 et
695 931 783 995 tunc
797 921 898 995 vobis
915 920 1024 992 etiam
1041 917 1114 991 hac
1131 918 1227 1006 ‹ad-5

138 1042 331 1141 jicieotur.
384 1039 618 1135 Quamquam
645 1059 775 1109 ranem
801 1057 985 1110 nosraum
1013 1056 1200 1108 cucumi-

153 1179 264 1231 nnum
286 1179 338 1227 on
363 1177 475 1227 nouis
501 1176 636 1241 noum,
653 1152 861 1252 spiritaliter
883 1151 1003 1250 potius
1020 1149 1201 1247 intelliga-

152 1297 245 1345 mus.
298 1270 466 1343 Christus
497 1268 594 1342 enim
630 1267 734 1366 panis
765 1279 886 1340 noster
914 1279 980 1352 est,
1006 1265 1091 1362 quia
1124 1265 1200 1337 vita

152 1387 331 1476 Christus,
361 1397 398 1457 et
424 1384 496 1457 vita
520 1383 624 1482 panis
651 1381 748 1481 (fiir.
769 1382 851 1455 vitae
877 1381 993 1479 panis.
1020 1379 1199 1476 Solate).

152 1502 237 1600 Ego
252 1527 344 1589 sum,
362 1499 491 1595 inquit,
510 1499 584 1590 (Jo.
602 1499 648 1571 vi.
666 1505 742 1596 ³5.)
755 1498 866 1594 portis
882 1498 973 1570 vitre.
1015 1494 1066 1568 Et
1088 1495 1198 1593 paulo
1215 1527 1250 1565 ro

153 1642 271 1713 supra,
290 1615 407 1688 Partis·
433 1624 485 1686 est
513 1613 638 1687 Sermo
655 1613 733 1686 Dei
754 1614 839 1699 uiui,
862 1613 925 1710 qui
947 1609 1128 1684 descendit
1155 1609 1199 1681 de

154 1729 264 1803 coelir.
309 1728 405 1801 Tum
426 1727 523 1826 quod
540 1739 576 1799 et
593 1754 722 1826 corpus
740 1727 817 1823 ejus
839 1728 876 1799 in
897 1753 990 1826 pane
1013 1738 1198 1798 censetur:

152 1845 238 1919 Hoc
258 1854 311 1917 est
333 1868 462 1940 corpus
484 1867 602 1915 areum
620 1842 726 1939 (Luc.
744 1842 832 1916 xxii.
854 1845 939 1937 19.).
981 1842 1112 1938 Itaque
1136 1866 1200 1937 pe-

152 1958 261 2032 tendo
285 1984 417 2058 panem
445 1957 710 2057 quotidianum,
734 1958 1011 2056 perpetuitatem
1039 1955 1200 2055 postula-

153 2098 234 2146 mus
261 2074 297 2147 in
324 2073 481 2163 Christo,
507 2086 544 2146 et
568 2072 857 2147 individuitatem
886 2100 906 2145 a
934 2097 1082 2172 corpore
1110 2070 1197 2166 ejus.
1212 2100 1223 2139 r
1229 2097 1247 2157 5

153 2188 224 2261 Sed
242 2202 279 2263 et
303 2189 387 2286 quia
411 2189 600 2261 carnaliter
622 2187 826 2262 admittitur
843 2188 911 2261 ista
928 2213 1011 2274 vox,
1031 2212 1103 2259 non
1121 2186 1199 2258 sine

151 2304 324 2403 religione
335 2316 457 2405 potest
468 2304 558 2394 fieri,
571 2316 608 2376 et
624 2304 791 2404 spiritalis
804 2302 1005 2402 disciplinae
1018 2299 1115 2402 (for.
1127 2301 1200 2399 spi-

151 2419 246 2491 ritali
271 2418 488 2518 disciplina).
540 2419 676 2492 Panem
702 2417 799 2492 enim
824 2417 899 2519 peti
924 2416 1082 2505 mandat,
1099 2415 1199 2512 quod

152 2534 270 2607 solum
288 2533 455 2609 fidelibus
473 2534 714 2608 necessarium
732 2546 808 2618 est3
831 2543 953 2606 cetero
970 2533 1065 2606 enim
1081 2532 1200 2604 natio-

151 2675 216 2722 nes
231 2651 433 2747 requirunt.
480 2650 538 2723 Ita
555 2663 592 2723 et
608 2648 786 2748 exemplis
804 2648 976 2736 inculcat,
994 2660 1031 2720 et
1048 2647 1200 2746 parabo·
1211 2678 1249 2717 20

152 2761 196 2833 lis
214 2774 393 2852 retractat,
412 2788 526 2860 quum
543 2763 651 2836 dicit:
676 2763 868 2858 Numquid
885 2789 1018 2861 panem
1035 2761 1118 2834 filiis
1135 2787 1216 2859 pa·-

152 2889 207 2949 ter
224 2875 349 2966 aufert,
365 2890 403 2950 et
419 2877 568 2950 canibus
585 2877 718 2950 tradit?
744 2878 870 2973 (Matt.
884 2903 942 2950 xv.
958 2877 1033 2974 26.)
1079 2878 1198 2950 Item:

155 2989 348 3089 Numquid
371 2987 464 3088 filio
492 3015 628 3086 paoem
660 2993 825 3087 poscenti
859 2993 1017 3089 lapidem
1051 2993 1201 3065 tradit?

156 3105 282 3204 (Matt.
300 3104 359 3179 vii.
373 3105 426 3200 9.)
473 3105 644 3179 Ostendit
664 3105 774 3195 enim,
792 3106 880 3204 quid
897 3134 918 3180 a
934 3120 1036 3206 patre
1053 3107 1119 3180 filii
1137 3133 1200 3180 ex·

151 3234 310 3323 pectent.
352 3222 426 3296 Sed
443 3233 480 3294 et
497 3233 699 3294 nocturnus·
712 3223 773 3295 ille
790 3222 951 3321 pulsator
967 3249 1101 3322 panem
1117 3249 1199 3322 pos·
1211 3251 1226 3291 2
1231 3249 1247 3309 5

153 3339 258 3412 cebat
276 3339 380 3428 (Luc.
395 3337 445 3412 xi.
457 3343 518 3434 5.).
550 3335 686 3410 Merito
704 3350 824 3412 autem
845 3338 995 3435 adjecit:
1015 3339 1083 3411 Da
1100 3339 1202 3412 nobis

154 3453 269 3543 hodie,
280 3466 322 3526 ut
335 3453 396 3549 qui
414 3452 649 3550 praemiserat:
666 3452 794 3527 Nolite
807 3453 853 3527 de
871 3454 1026 3527 crastino
1043 3454 1201 3552 cogitare

154 3567 242 3664 quid
256 3566 369 3640 edatis
382 3567 488 3660 (Luc.
498 3567 652 3666 xii.29.).
682 3568 752 3641 Cui
766 3569 816 3641 rei
834 3569 1042 3668 parabolam
1056 3593 1201 3666 quoque

154 3681 442 3755 accommodavit
475 3682 572 3755 illius
607 3682 777 3771 hominis,
810 3685 872 3783 qui
906 3683 1200 3785 provenientibus

153 3797 329 3870 fructibus
348 3796 620 3897 ampliationem
646 3800 866 3891 horreorum,
883 3814 920 3874 et
936 3802 1053 3900 longae
1070 3801 1202 3874 securi·
1211 3828 1251 3886 30

153 3910 237 3985 tatis
254 3911 369 4010 spatia
385 3911 577 4010 cogitavit:
603 3913 634 3986 is
650 3914 728 4015 ipsa
743 3927 851 3990 nocte
869 3915 1030 3989 moritur.

204 4026 438 4123 Consequens
468 4038 543 4099 erat
574 4040 616 4101 ut
649 4030 835 4104 observata
868 4030 941 4104 Dei
975 4028 1201 4120 liberalitate,

154 4142 263 4217 etiam
287 4142 517 4217 elementiam
539 4143 616 4241 ejus
639 4172 889 4245 precaremur3
915 4145 1003 4245 quid
1019 4144 1117 4219 enim
1136 4144 1200 4217 ali-
