2678 4830
447 321 511 384 DE
536 313 661 384 ZELO
684 320 748 382 ET
773 318 960 382 LIVORE.
1163 319 1223 381 311

180 493 303 565 lumen
323 491 515 588 extinguis,
534 491 619 588 quid
646 491 689 564 ad
714 491 898 564 diabolum
921 491 977 565 cui
1001 490 1227 564 renuntiave-

179 636 234 680 ras
252 608 357 694 redis,
372 608 457 706 quid
476 608 567 680 Cain
587 607 713 680 similis
731 607 877 680 existis?
904 606 1106 679 Homicidii
1125 633 1228 679 nam-

179 750 249 821 que
274 724 431 797 facinore
457 724 652 821 constringi
680 751 765 797 eum
795 724 856 821 qui
885 723 1052 796 zelaverit
1082 734 1118 794 et
1142 721 1227 794 odio

178 840 345 912 habuerit
370 839 517 912 fratrem
545 866 648 913 suum
676 841 834 914 declarat
855 842 1016 914 Joannes
1043 840 1226 938 apostolus

149 955 214 1042 sin
233 955 384 1054 epistola
402 983 467 1029 sua
484 955 627 1031 dicens:
651 957 728 1035 Qui
740 956 910 1055 fratrem
930 983 1037 1030 suum.
1059 957 1146 1045 odit,
1163 955 1331 1029 ho-1Joan·

80 1156 81 1159 Ἴ
176 1071 310 1145 micidu
329 1082 400 1155 esa·
430 1082 465 1145 et
482 1073 583 1146 scitis
600 1074 685 1171 quic
703 1074 818 1146 omnis
835 1072 1013 1146 homicida
1030 1098 1102 1145 non
1119 1073 1226 1146 habet

176 1188 216 1260 in
232 1214 271 1260 se
287 1189 399 1262 vitam
417 1199 632 1262 ruunentenr.
675 1190 726 1262 Et
750 1190 878 1263 iterum
893 1222 902 1276 ;
925 1190 1002 1268 Qui
1020 1189 1108 1262 dicit
1126 1215 1165 1263 se
1186 1191 1225 1263 iu
1237 1220 1246 1253 ι
1257 1206 1331 1256 Joan·

179 1303 259 1378 luce
289 1331 374 1388 esse,
406 1315 442 1378 et
460 1303 633 1406 fratrem
663 1334 770 1381 suum
799 1308 887 1393 odit,
916 1308 955 1380 in
985 1307 1142 1380 tenebris
1172 1317 1225 1379 est

177 1446 292 1520 usque
309 1422 438 1510 adhuc,
453 1433 488 1495 et
506 1423 544 1495 in
562 1424 719 1497 tenebris
737 1424 912 1514 ambulat,
930 1435 966 1498 et
982 1451 1053 1497 non
1068 1423 1138 1496 scit
1154 1449 1224 1523 quo

133 1548 261 1622 roeut3
294 1540 462 1638 quonium
494 1540 647 1615 tenebra
678 1551 949 1615 eucoecuverunt
979 1540 1101 1615 oculos
1136 1538 1224 1638 rgjus

179 1655 250 1737 Qui
270 1654 358 1744 odit,
376 1656 506 1752 inquit,
520 1657 665 1729 fratrem
683 1684 801 1745 suum,
821 1658 856 1729 in
875 1657 1032 1730 tenebris
1051 1657 1224 1745 ambulat,

176 1784 212 1843 et
238 1797 311 1843 non
339 1771 405 1844 seit
432 1799 505 1869 quo
530 1787 598 1845 eat.
651 1774 709 1847 lta
734 1775 831 1847 enim
859 1774 999 1846 nescius
1026 1772 1062 1844 in
1089 1773 1226 1871 gehen-

175 1914 273 1977 nam,
290 1889 436 1986 ignarus
458 1903 494 1961 et
517 1917 641 1964 coecus
665 1891 910 1990 praecipitatur
929 1891 967 1962 in
991 1916 1151 1989 poenam,
1169 1917 1224 1962 re·

175 2002 305 2076 cedens
330 2005 467 2078 scilicet
484 2035 505 2080 a
522 2006 670 2079 Christo
692 2008 829 2081 lumine
848 2007 1029 2080 monentis
1047 2021 1083 2079 et
1101 2005 1224 2079 dicen-

131 2146 163 2206 15
175 2120 241 2193 tis:
261 2120 344 2219 Ego
360 2149 441 2195 sum
459 2122 578 2196 lumen
594 2123 730 2196 mundi.
769 2124 845 2202 Qui
861 2149 919 2196 me
935 2133 1079 2195 secutus
1081 2121 1224 2222 suerit,
1231 2150 1305 2199 roan.
1317 2167 1332 2198 v

175 2263 245 2308 non
268 2238 470 2310 ambulabit
493 2241 528 2311 iu
553 2239 722 2327 tenebris,
739 2239 805 2312 sed
823 2238 967 2312 habebit
988 2238 1109 2312 lumen
1130 2240 1222 2313 vita.

175 2353 346 2448 Sequitur
380 2368 500 2426 autern
533 2355 718 2427 Christum
751 2356 813 2453 qui
847 2356 1033 2455 praeceptis
1064 2356 1140 2452 ejus
1170 2356 1224 2426 in·

175 2469 279 2552 sistit,
296 2470 357 2565 qui
377 2497 441 2568 per
459 2471 655 2568 magisterii
674 2471 751 2567 ejus
770 2471 863 2543 viam
883 2470 1054 2568 graditur,
1067 2471 1129 2569 qui
1148 2497 1225 2543 ves-

175 2583 264 2682 tigia
282 2583 359 2681 ejus
378 2599 486 2682 atque
506 2586 632 2659 itinera
651 2600 817 2675 sectatur,
835 2587 896 2686 qui
921 2586 956 2658 id
983 2586 1079 2683 quod
1099 2585 1223 2658 Chris-

128 2731 165 2769 20
175 2715 232 2774 tus
251 2715 287 2775 et
311 2702 435 2775 docuit
456 2715 493 2775 et
515 2703 600 2777 fecit
624 2704 796 2790 imitatur,
815 2702 1012 2776 secundum
1035 2702 1132 2800 quod
1157 2703 1223 2774 Pe-

174 2831 249 2890 trus
280 2845 425 2916 quoque
456 2820 619 2896 hortatur
648 2835 684 2893 et
720 2833 843 2893 monet
874 2819 1019 2892 dicens:
1055 2819 1336 2895 Christusiresn

168 2959 302 3031 passus
320 2945 373 3008 est
393 2962 464 3032 pro
486 2937 598 3024 nohis,
620 2936 830 3037 relinquens
846 2936 944 3010 uobis
963 2936 1164 3035 exemplum
1181 2947 1223 3011 ut

171 3054 376 3152 sequamini
392 3055 549 3154 uestigia
566 3055 653 3153 ejus.

222 3171 290 3243 Vl.
322 3171 537 3244 Meminisse
567 3171 742 3244 debemus
769 3199 843 3269 quo
870 3171 1046 3245 vocabulo
1075 3170 1220 3269 plebem

125 3311 159 3371 25
172 3313 273 3358 suam
306 3286 473 3359 Christus
504 3287 671 3387 appellet,
699 3314 771 3383 quo
801 3287 908 3358 titulo
938 3312 1081 3385 gregem
1114 3311 1219 3358 suum

128 3401 138 3430 ³
171 3417 367 3503 nuncupet.
420 3404 515 3478 Oves
533 3403 706 3490 nominat,
726 3417 766 3476 ut
789 3403 997 3475 innocentia
1014 3403 1337 3476 Christianarum.

169 3521 298 3594 ovibus
315 3536 488 3619 aequetur.
522 3521 653 3620 Agnos
669 3533 783 3608 vocat,
801 3534 841 3592 ut
859 3545 1032 3616 agnorum
1052 3533 1218 3592 naturam
1226 3543 1300 3593 Mate
1319 3545 1336 3578 ··

171 3636 372 3736 simplicem
401 3638 614 3737 simplicitas
642 3637 773 3709 mentis
801 3635 972 3708 imitetur.
1026 3634 1123 3717 Quid
1151 3637 1219 3709 sub

170 3753 302 3824 vestitu
320 3755 442 3828 ovium
461 3755 569 3853 lupus
587 3753 714 3842 latitat,
732 3751 818 3851 quid
837 3778 984 3850 gregem
1002 3751 1136 3824 Christi
1156 3752 1219 3851 qui

123 3867 419 3956 30Christianum
447 3898 485 3942 se
512 3869 684 3943 mentitur
710 3868 884 3942 infamat?
919 3867 1055 3940 Christi
1083 3895 1219 3941 nomen

170 3983 329 4073 induere,
346 4000 381 4058 et
399 4011 469 4058 non
490 4013 553 4085 per
570 3986 706 4059 Christi
725 3985 819 4058 viam
836 4012 994 4087 pergere,
1013 3984 1100 4082 quid
1120 3985 1219 4059 aliud

169 4126 279 4197 quam
310 4102 553 4199 praevaricatio
585 4115 640 4175 est
669 4101 780 4175 divini
814 4101 982 4189 nominis,
1013 4127 1121 4197 quam
1158 4101 1219 4175 de-

169 4217 276 4289 sertio
306 4216 442 4289 itiueris
472 4219 646 4310 salutaris,
672 4217 817 4316 quando
844 4216 920 4316 ipse
947 4216 1074 4289 doceat
1099 4231 1136 4292 et
1163 4218 1218 4292 di-

666 4355 726 4416 x4
