2678 4830
293 309 344 372 IN
368 309 400 372 S.
417 307 687 372 POLYCARPI
711 308 996 374 EPISTOLAM.
1117 315 1159 377 23

124 481 189 545 sine
204 479 310 566 aliquo
324 480 545 558 additamento,
560 479 666 567 paullo
685 503 779 567 supra
798 480 942 545 habetur.
979 483 1018 546 V.
1031 483 1060 546 1.
1075 483 1158 571 lege·

125 568 179 632 bat
194 567 365 647 διαβολικῆι
383 572 561 633 καταλαλιῦς
574 568 614 630 ob
627 569 770 632 omnibus
783 568 942 631 diabolicis
956 569 1157 634 detractioni·

125 655 201 718 bor.-
224 665 257 717 et
271 652 423 718 sie'habet
436 653 534 717 codex
549 652 759 718 Florentiuus.
794 653 857 718 Sed
871 652 993 733 dubito,
1009 678 1049 720 en
1063 672 1156 722 recte.

125 742 253 805 Surrrr.

169 828 208 889 P.
224 846 273 911 13.
289 823 312 887 l.
328 843 376 889 10.
393 825 489 890 πάντα
502 826 751 910 μωμοσκοτεΐτοι]
770 827 810 889 Iu
824 827 991 914 exemplari
1004 854 1157 908 μωμοσκο-

124 919 224 976 τεῖτοι
246 910 396 997 scriptum
419 927 484 985 est3
515 935 610 998 quem
633 935 740 976 vocem
765 912 821 998 qui
844 935 906 976 non
930 914 1158 993 intellexerunt,

124 1001 208 1078 ἡμῶν
231 1004 383 1061 σκοτεῖται
408 997 574 1084 legendum
596 997 829 1072 existimarunt3
861 1023 919 1086 pro
945 999 1048 1087 priore
1073 1001 1159 1066 verbi

126 1083 289 1171 compositi
310 1083 460 1164 membro,
472 1085 654 1170 pronomine
666 1084 767 1171 (quod
780 1087 878 1150 Vetus
889 1109 951 1150 non
963 1085 1089 1172 agnovit
1104 1088 1160 1151 In-

127 1173 260 1269 terpres)
276 1168 454 1234 substituto.
501 1173 581 1236 Cum
603 1175 798 1258 θυσιαστηρίῳ
819 1195 893 1237 vero
911 1196 930 1236 a
950 1173 1108 1238 Clemente
1126 1173 1159 1237 in

126 1257 272 1344 Eprstola
285 1255 325 1321 ad
341 1256 528 1335 Corinthios,
544 1281 639 1344 quam
659 1256 691 1321 in
710 1257 768 1322 hac
786 1257 861 1322 alias
879 1259 970 1323 etiam
987 1282 1050 1324 non
1068 1260 1160 1324 semel

127 1343 322 1430 Polycarpus
336 1357 382 1407 est
397 1357 530 1421 secutuS,
540 1346 772 1424 μωμοσκοτηθέν
786 1346 819 1409 τὸ
833 1349 1076 1428 προσφερόμενον
1090 1368 1161 1410 con-

121 1430 259 1516 junctim
279 1429 431 1493 cernimus
444 1459 451 1504 ;
474 1430 527 1494 ubi
547 1432 750 1511 μωμοσκότων
763 1430 896 1495 officium
910 1431 1005 1495 fuisse
1019 1431 1161 1514 pluribus

127 1538 185 1580 nos
204 1515 312 1580 docuit
330 1515 523 1580 doctissimus
537 1518 560 1580 J
562 1515 664 1593 unius,
679 1538 717 1580 ne
731 1517 809 1603 quid
822 1517 889 1582 vitii
903 1532 957 1582 aut
972 1518 1049 1582 labis
1069 1519 1161 1582 sacri-

127 1602 208 1681 ficio,
225 1602 409 1690 priusquam
428 1602 516 1667 elteri
536 1601 756 1689 imponeretur,
771 1604 908 1668 subesset
921 1603 1085 1692 diligenter
1101 1605 1161 1668 dis-

127 1688 241 1776 picere.
266 1690 487 1771 Θυσιασιύριον
497 1713 622 1776 quoque
633 1689 827 1776 singulariter
841 1691 881 1755 ab
891 1690 958 1755 aliis
971 1691 1021 1756 hic
1036 1691 1160 1779 iegitur,

128 1775 177 1840 uti
198 1777 230 1839 in
251 1775 390 1839 versione
411 1791 513 1839 vetere
536 1776 660 1840 Latina.
705 1778 787 1840 Cum
809 1800 872 1863 qua
892 1778 983 1842 etiarn
1006 1779 1160 1854 convenit,

124 1862 216 1948 quod
230 1861 262 1924 in
279 1861 418 1925 Salmasii
433 1863 613 1948 apographo
627 1862 722 1949 paulo
736 1877 806 1949 post
819 1864 931 1928 rectius
947 1864 1094 1951 scriptum
1109 1887 1161 1927 oc-

127 1948 237 2022 currit,
257 1949 325 2013 οῦτε
346 1975 374 2013 τι
398 1971 456 2034 pro
478 1949 628 2013 Helloixii
652 1948 710 2012 οὐτ’
736 1951 788 2023 ἔτι,
809 1965 841 2014 et
863 1956 944 2015 Θεοῦ
964 1951 1011 2014 καὶ
1032 1956 1163 2032 Χριστοῦ

126 2036 260 2099 διάκονοι
288 2056 346 2120 pro
373 2035 512 2121 ejusdem
542 2040 624 2099 Θεοῦ
652 2038 685 2099 ἐν
713 2040 830 2122 Χριστῷ
858 2037 996 2101 διάκονοι.
1035 2038 1162 2100 Ussuu.

130 2123 205 2185 MS.
220 2128 465 2200 μοιμοσκοτεῖτοι·
481 2135 513 2186 et
534 2121 575 2185 sic
596 2121 722 2185 omnino
742 2121 920 2209 legendum,
942 2137 978 2186 ut
999 2122 1057 2185 viri
1079 2122 1161 2186 docti

129 2207 254 2271 dudum
268 2207 481 2272 observarunt.
504 2210 628 2291 Surru.
658 2207 747 2272 MSti
762 2209 944 2295 scripturam
959 2216 1160 2289 μωμοσκοτεῖ-

124 2320 190 2371 τοι,
203 2292 291 2380 quod
308 2293 436 2379 quidem
456 2295 585 2359 verbum
606 2294 691 2381 apud
710 2294 786 2358 alios
799 2309 922 2359 autores
935 2308 1032 2371 extat,
1046 2294 1078 2356 in
1095 2310 1162 2359 tex-

130 2394 200 2444 tum
219 2379 332 2466 recepi.
379 2381 477 2444 Porro
498 2380 550 2444 vix
570 2380 692 2459 dubito,
714 2381 790 2466 quin
814 2381 996 2467 respiciatur
1014 2380 1112 2443 hicet
1131 2380 1163 2443 in

130 2465 235 2530 uerbis
261 2466 461 2552 sequentibus
485 2467 524 2530 ed
548 2466 677 2554 apostoli
700 2466 802 2530 locum
825 2467 856 2528 in
875 2467 1021 2553 Epistola
1038 2467 1080 2529 od
1097 2467 1164 2530 He-

128 2553 231 2616 braeos
243 2575 312 2638 cap.
324 2552 367 2617 iv.
382 2576 493 2617 comm.
511 2572 559 2619 12.
574 2568 605 2616 et
623 2572 672 2637 13.
688 2552 742 2615 ubi
757 2566 865 2616 extant
881 2551 1070 2638 metaphorae
1088 2551 1165 2616 duc-

133 2654 174 2702 tae
189 2662 209 2701 a
222 2639 386 2703 sacrificiis.

176 2724 364 2791 Ibid.l.12.
387 2725 455 2789 οῦτέ
475 2752 503 2789 τι
524 2731 582 2789 τῶν
605 2730 734 2806 κρυττῶν
755 2729 804 2803 τῆς
825 2724 955 2808 καρδίας]
977 2723 1166 2788 Emendavit

52 2873 56 2880 .
130 2835 172 2876 ex
199 2811 339 2875 Salmasii
364 2812 545 2899 apographo
569 2809 716 2876 Usserius
734 2810 802 2875 οὔτέ
827 2837 854 2875 τι
880 2817 938 2874 τῶν
962 2833 1020 2896 pro
1041 2810 1100 2875 οὔτ’
1124 2812 1167 2874 ἔτι

132 2903 201 2972 reio,
217 2897 304 2984 quod
323 2897 414 2961 etiam
433 2896 641 2961 Marklandus
657 2919 720 2960 orae
734 2897 867 2985 exempli
881 2896 940 2961 mei
956 2895 1167 2960 Aldrichianae

129 2983 278 3048 editionis
291 2983 460 3072 adscripsit.
499 2988 572 3048 Hoc
585 2982 695 3069 recepi.

178 3070 264 3134 Ibid.
278 3070 300 3133 l.
317 3087 365 3155 15.
389 3074 568 3136 κατενώπιον
583 3071 671 3135 αὐτοῦ
685 3074 735 3148 τῆς
749 3070 945 3152 δικαιοσύνης]
963 3071 1017 3131 An
1033 3068 1165 3133 scriben-

132 3156 212 3220 dum
234 3169 281 3221 est
302 3161 336 3237 τῇ
358 3160 536 3237 δικαιοσύνῃ,
560 3156 594 3221 h.
609 3181 637 3221 e.
659 3155 692 3218 iu
709 3155 832 3242 justitia
852 3155 1012 3218 amooore
1033 3154 1168 3219 debent?

129 3243 199 3307 sed
213 3242 302 3307 aliter
316 3244 386 3307 Vet.
402 3244 521 3329 Interp.

180 3328 265 3393 Ibid.
280 3328 300 3390 l.
315 3331 365 3392 16.
389 3331 427 3396 ὡς
449 3334 530 3393 Θεοῦ
551 3328 597 3392 καὶ
618 3332 748 3409 Χριστοῦ
767 3324 907 3410 διάκονοι]
927 3327 1001 3389 MS.
1019 3330 1101 3391 Θεοῦ
1123 3327 1170 3389 καὶ

134 3420 267 3497 Χριστοῦ
282 3417 354 3502 (ριο
372 3414 456 3479 edito
476 3419 558 3480 Θεοῦ
580 3416 613 3477 ἓν
634 3417 779 3498 Χριστῷ),
795 3427 826 3474 et
845 3410 889 3474 ite
907 3435 1033 3497 quoque
1047 3410 1170 3496 legebat

136 3502 206 3564 Vet.
219 3503 336 3588 Interp.
361 3503 486 3566 Snssrrr.
516 3504 589 3564 Hoc
610 3522 694 3586 ergo,
714 3499 865 3585 probante
881 3497 963 3561 idem
986 3498 1121 3577 Ueseuo,
1136 3497 1169 3561 in

135 3601 259 3652 textum
277 3587 390 3673 recepi.
436 3587 550 3652 Itidem
565 3609 634 3672 cap.
648 3588 677 3649 6.
691 3585 723 3647 in
739 3584 858 3650 Graecis
870 3584 994 3671 legitur,
1009 3583 1170 3649 Ἀτένοντι

136 3677 194 3757 γὰρ
209 3680 267 3737 τιῦν
281 3679 333 3738 τοῦ
348 3677 455 3756 Κυρίου
471 3675 518 3737 καὶ
533 3677 615 3738 Θεοῦ
629 3674 719 3751 ἐσμεν
734 3674 906 3754 ὀφθαλμῶν.

181 3761 217 3822 P.
232 3780 281 3840 14.
296 3758 317 3824 l.
332 3762 362 3824 6.
387 3761 434 3824 καὶ
449 3759 747 3841 συμβασιλεύσομεν]
762 3757 947 3842 Legendum
961 3757 1084 3820 videtur
1098 3779 1170 3821 cum

69 3872 74 3879 ·
136 3847 177 3910 V.
187 3847 217 3909 I.
231 3847 278 3910 καὶ
289 3845 580 3926 συμβασιλεύσομεν,
591 3858 627 3908 ut
640 3858 712 3907 ante
725 3843 872 3930 scriptum
886 3859 933 3906 est
942 3845 1169 3926 δτοληψόμεθα.

181 3934 220 3996 P.
240 3948 288 4016 15.
310 3931 331 3996 l.
352 3953 379 3997 1.
405 3931 632 4014 ἐπιστρέφοντες
652 3933 690 3994 τὰ
711 3930 955 4015 ἀποπλανήμενο]
980 3928 1171 4016 Conjiciebat

137 4016 304 4105 legendum
320 4019 387 4085 τοὺς
402 4016 663 4097 ἆτοτλανημένονς
678 4015 832 4080 Patricius
845 4017 868 4079 J
871 4017 971 4080 unius.
1016 4014 1171 4078 invenisse

128 4106 238 4185 ,Vetus
249 4106 405 4191 Interpres
416 4104 540 4169 videtur
551 4102 662 4169 πάντας
677 4103 905 4184 ἐπιστρέφοντες
919 4102 985 4169 τοὺς
998 4104 1169 4179 ἀποπλανη-

138 4190 255 4271 μένονι,
270 4214 319 4254 orn
324 4215 377 4255 nes
390 4192 429 4254 ob
443 4212 549 4255 errore
562 4197 783 4254 αοιιυιτίνιιίνι.

176 4277 271 4365 ibid.
286 4277 306 4342 l.
320 4298 368 4344 10.
391 4283 448 4342 τῦν
462 4282 514 4342 τοῦ
528 4278 636 4358 Κυρίου
652 4275 698 4338 καὶ
713 4279 794 4338 Θεοῦ
807 4273 985 4360 ὀφθαλμῶν]
1003 4270 1173 4359 Significari

635 4382 689 4441 ⁰4
