2678 4830
497 306 561 369 DE
585 306 845 371 ORATIONE.
1133 311 1194 375 111

147 486 219 574 put
234 499 351 549 sunm.
378 474 477 558 Quid
490 490 546 550 est
561 479 677 551 omnis
693 477 838 568 mulier,
851 476 919 550 nisi
936 477 1054 551 omnis
1072 480 1199 570 oetatis,

152 591 270 665 omnis
300 589 447 682 ordinis,
472 592 592 666 omnis
620 592 859 668 conditionis?
900 593 1007 667 Nihil
1037 596 1197 669 mulieris

150 705 298 806 excipit,
322 706 477 782 dicendo
502 710 638 794 omnim
666 708 760 783 sicut
788 735 856 783 nec
880 711 935 782 vir
959 736 1028 784 nec
1055 711 1198 785 velandi

152 819 252 920 (for.
269 849 337 896 nec
361 823 508 898 investis
530 824 700 921 velandi),
716 823 866 924 proinde
884 826 980 898 enim
999 828 1113 900 oannis
1129 829 1199 914 vir,

123 937 270 1034 5inquit
290 939 325 1034 (1
343 939 426 1012 Cor.
440 940 489 1012 xi.
504 941 571 1035 5.).
615 939 718 1013 Sicut
735 967 820 1040 ergo
837 941 875 1014 in
895 942 1094 1015 masculino
1111 970 1200 1017 sexu

151 1055 219 1126 sub
232 1053 298 1127 viri
312 1053 461 1126 nomine
474 1055 581 1128 etiam
596 1054 744 1128 investis
758 1055 868 1129 velari
881 1066 1033 1141 vetatur,
1048 1057 1098 1129 ita
1112 1057 1201 1129 etin

150 1168 327 1242 feminino
344 1172 412 1243 sub
430 1170 577 1244 nomine
595 1171 755 1243 mulieris
773 1169 883 1243 etiam
900 1169 1002 1268 virgo
1019 1169 1128 1242 velari
1139 1169 1201 1267 ju·

151 1285 266 1358 betur.
292 1285 498 1383 AEqualiter
514 1287 550 1358 in
569 1298 724 1382 utroque
742 1312 831 1359 sexu
849 1285 967 1359 minor
984 1299 1069 1360 aetas
1088 1286 1202 1383 majo-

150 1399 198 1472 ris
225 1414 394 1498 sequatur
422 1400 675 1500 disciplinam:
707 1412 771 1472 aut
795 1401 959 1474 velentur
984 1414 1021 1474 et
1045 1402 1200 1501 virgines

107 1551 142 1589 ιο
152 1515 315 1605 masculi,
341 1515 370 1588 si
399 1543 472 1588 non
503 1516 667 1589 velantur
691 1526 728 1586 et
753 1514 907 1612 virgines
933 1516 1091 1606 feminae,
1116 1517 1201 1615 quia

150 1657 218 1704 nec
236 1631 294 1702 isti
313 1630 530 1704 nominatim
547 1643 727 1703 tenentur.
756 1628 867 1703 Aliud
886 1629 933 1703 sit
949 1631 1014 1719 vir,
1032 1645 1069 1704 et
1085 1631 1201 1706 inves-

151 1747 210 1833 tis,
237 1748 268 1818 si
292 1745 388 1819 aliud
415 1759 470 1819 est
496 1745 636 1837 mulier,
661 1759 699 1818 et
723 1745 835 1845 virgo.
877 1745 1025 1847 Nempe
1043 1759 1202 1847 propter

152 1861 312 1962 angelos,
327 1861 387 1950 ait,
402 1860 520 1959 (ibid.)
537 1859 646 1933 velari
664 1874 841 1960 oportere,
852 1860 949 1958 quod
963 1864 1079 1962 angeli
1093 1891 1202 1964 prop-

150 1990 207 2050 ter
224 1977 315 2049 filias
340 1977 532 2049 hominurn
557 1976 785 2049 desciverunt
810 2003 831 2049 a
852 1976 948 2050 Deo.
1000 1979 1092 2061 Quis
1115 2005 1201 2078 ergo

106 2123 141 2187 ις
152 2091 357 2182 contendat,
371 2092 462 2166 solas
481 2092 660 2181 mulieres,
672 2089 709 2164 id
723 2103 778 2164 est
794 2104 925 2191 nuptas
936 2091 1028 2187 jam,
1040 2107 1077 2166 et
1093 2093 1202 2192 virgi·

152 2208 258 2281 nitati
271 2208 459 2281 defunctas
473 2206 774 2305 concupiscentiae
789 2204 888 2306 (for.
900 2207 1200 2308 concupiscentiae

151 2325 290 2420 fuisse),
308 2325 377 2398 nisi
396 2325 425 2398 si
444 2352 516 2398 non
535 2326 620 2399 licet
637 2337 674 2397 et
698 2323 853 2421 virgines
877 2323 997 2422 specie
1012 2336 1200 2423 praestare,

152 2455 190 2515 ct
207 2454 382 2516 amatores
400 2441 584 2514 invenire?
610 2440 693 2513 Irno
710 2438 886 2529 videmus,
900 2441 998 2538 quod
1015 2468 1089 2515 non
1107 2441 1202 2534 (dele

153 2583 239 2646 non,
256 2555 507 2652 Muratorius)
527 2554 681 2654 virgines
699 2555 791 2628 solas
809 2556 1068 2656 concupierint,
1085 2582 1199 2653 quum

26 2726 29 2731 -
106 2671 250 2745 aodicat
267 2670 442 2771 scriptura
443 2667 558 2770 filias
574 2669 767 2757 hominnm,
786 2669 894 2762 (Gen.
908 2669 955 2743 vi.
969 2675 1017 2767 2.)
1035 2671 1119 2768 quia
1136 2697 1201 2772 po-

152 2785 223 2859 tuit
244 2810 373 2858 uxores
397 2785 590 2857 hominum
614 2784 818 2859 nominasse
836 2786 892 2859 vel
916 2784 1069 2860 feminas
1092 2786 1203 2861 indif·
1269 2818 1271 2821 ·

151 2902 316 2975 ferenter.
351 2884 490 2974 ¹Etiam
522 2897 620 2997 quod
646 2899 716 2974 ait:
744 2900 801 2973 Et
826 2911 1044 2998 acceperunt
1066 2901 1138 2975 sibi
1162 2903 1202 2976 in

152 3039 295 3106 uxorea,
315 3014 434 3112 (ibid.)
456 3041 499 3087 eo
515 3013 613 3100 facit,
631 3015 727 3113 quod
747 3016 974 3116 accipiuntur
998 3017 1036 3089 in
1059 3043 1202 3109 uxores,

152 3159 232 3228 quae
246 3142 376 3203 vacant
389 3128 536 3202 scilicet.
563 3129 624 3203 De
641 3157 713 3203 non
730 3131 939 3205 vacantibus
959 3144 1082 3205 autem
1100 3132 1203 3205 aliter

106 3278 140 3339 25
153 3246 389 3320 enunciasset.
416 3244 546 3343 Itaque
561 3243 660 3346 (for.
673 3245 732 3318 Ita
742 3245 842 3343 quia)
855 3257 983 3318 vacant
996 3256 1070 3317 tam
1083 3244 1202 3318 vidui·

152 3371 236 3446 tate,
248 3385 359 3456 quarn
371 3373 408 3433 et
419 3358 637 3458 virginitate;
657 3360 746 3435 adeo
760 3385 886 3434 sexum
900 3358 1123 3433 nominando
1135 3386 1199 3459 ge·

152 3481 318 3554 neraliter
328 3479 431 3566 filias,
443 3494 480 3552 ct
493 3477 629 3579 species
642 3476 677 3549 in
692 3503 821 3577 genere
835 3475 1075 3550 commiscuit.
1102 3476 1196 3550 Item

152 3624 264 3695 quum
281 3595 380 3686 dicit,
393 3607 558 3669 naturam
578 3593 691 3688 ipsam
710 3593 850 3683 docere,
862 3590 1015 3666 feminas
1028 3591 1198 3667 velandas

152 3738 238 3798 esse,
254 3738 334 3809 quae
347 3710 519 3810 capillum
535 3735 601 3809 pro
612 3721 825 3808 tegumento
837 3721 875 3781 et
886 3720 1100 3781 ornamento
1116 3735 1199 3782 mu·

103 3861 141 3916 30
151 3827 297 3901 lieribus
311 3826 521 3925 assignaret:
541 3851 662 3898 nonne
674 3825 769 3897 idem
785 3835 1034 3923 tegumentum
1049 3835 1087 3897 ct
1099 3822 1197 3899 idem

151 3944 268 4016 honor
284 3941 412 4042 capitis
429 3940 627 4040 virginibus
651 3965 795 4037 quoque
816 3939 1015 4041 adscriptus
1037 3942 1115 4015 est?
1158 3941 1196 4014 si

150 4058 298 4132 mulieri
315 4068 420 4156 turpe
437 4068 491 4131 est
506 4056 602 4148 radi,
621 4055 654 4148 (1
672 4056 756 4129 Cor.
775 4056 824 4128 xi.
837 4055 888 4155 6.)
910 4068 947 4129 et
966 4054 1096 4155 virgini
1116 4080 1198 4154 per·

150 4173 245 4247 inde.
296 4173 342 4246 In
358 4173 489 4272 quibus
515 4199 600 4272 ergo
622 4198 694 4245 una
717 4170 878 4246 conditio
900 4171 1028 4271 capitis
1046 4170 1197 4269 deputa-
