2678 4830
369 477 701 565 SYMBOLUM
731 478 1043 580 NICAENUM,

294 669 349 727 AD
375 667 596 729 exEMPLAR
622 667 736 740 QUOD
763 667 895 728 exem
921 668 968 726 IN
994 666 1110 727 Aefls

317 833 804 900 CHALCEDONENSIS
829 832 1088 898 CONCILII.

564 1055 843 1108 ...4-

181 1206 563 1322 ΠΙΣΤΕΥΟΜΕΝ
585 1247 634 1327 εἰς
651 1241 715 1321 ἕνα
732 1238 828 1321 Θεὸν
845 1241 998 1345 πατέρα,
1018 1244 1225 1349 παντοκρά-

150 1402 280 1473 5τορα,
300 1368 447 1451 πάντων
465 1373 603 1475 ὁρατῶν
621 1403 660 1450 τε
679 1372 737 1449 καὶ
756 1372 919 1474 ἀορατεῦν
939 1369 1103 1470 ποιητήν.
1154 1377 1228 1451 Καὶ

177 1500 226 1579 εὶς
247 1496 309 1576 ἕνα
332 1496 468 1602 Κύρων
489 1499 633 1598 Ἰησοῦν
654 1493 834 1602 Χριστὸν,
854 1493 918 1577 τὸν
937 1494 1012 1577 νὶὸν
1029 1506 1094 1578 τοῦ
1112 1503 1224 1596 Θεοῦ,

177 1625 392 1724 γεννηθέντα
405 1627 444 1706 εἰς
457 1634 521 1706 τοῦ
538 1621 689 1730 πατρὸς,
706 1629 898 1727 μονογενῆ,
912 1625 1097 1723 τουτέστιν
1110 1627 1149 1707 ἐκ
1162 1631 1227 1727 τῆς

177 1752 302 1836 οὐσίας
324 1762 389 1833 τοῦ
414 1751 562 1858 πατρός·
594 1749 690 1834 Θεὸν
715 1754 754 1833 ἐκ
779 1757 890 1851 Θεοῦ,
917 1759 997 1860 φῶς
1021 1755 1060 1833 εἰς
1087 1760 1223 1861 φῶτας,

176 1874 272 1958 Θεὸν
290 1879 462 1981 ἀληθινὸν
480 1885 519 1961 ἐκ
538 1885 635 1961 Θεοῦ
652 1885 839 1980 ἀληθινοῦ,
857 1881 1072 1983 γεννηθέντα
1085 1884 1127 1962 οῦ
1138 1918 1222 1963 ποι-

131 2006 319 2105 ιοηθέντα,
341 2007 534 2106 ὁμοούσιον
555 2014 607 2115 τῷ
628 2010 749 2112 πατρί.
790 2009 848 2086 Δι’
870 2007 911 2087 οῦ
932 2007 979 2088 τὸ
999 2007 1119 2089 πάντα
1143 2011 1222 2112 ε’γέ-

175 2167 269 2231 νετο,
293 2131 378 2213 τότε
404 2136 442 2214 ἐν
463 2140 515 2241 τηῦ
540 2135 678 2241 οῦρανηῦ
702 2138 762 2215 καὶ
785 2133 832 2214 τὸ
858 2136 896 2214 έν
922 2143 968 2240 τῇ
995 2142 1057 2242 γῇ·
1088 2133 1152 2217 τὸν
1179 2139 1223 2216 δι’

173 2259 266 2358 ἡμᾶς
290 2260 373 2344 τοῦς
396 2262 622 2366 ἀνθρώπους,
645 2264 704 2342 καὶ
727 2260 786 2340 διὸ
811 2260 877 2362 τὴν
898 2263 1072 2366 ἡμετέραν
1098 2299 1221 2367 σωτη-

174 2387 255 2488 ρίαν
282 2384 517 2487 κατελθόντα,
547 2391 605 2468 καὶ
632 2390 879 2493 σαρκωθέντα,
904 2392 963 2468 καὶ
990 2391 1221 2496 ε’νανθρωπή-

174 2543 304 2591 σαντα·
349 2510 527 2613 παθόντα,
562 2518 622 2593 καὶ
651 2514 859 2594 ἀναστάντα
887 2521 933 2620 τῇ
963 2522 1065 2621 τριτῇ
1094 2517 1219 2626 ἡμέρᾳ·

130 2669 163 2733 15
174 2638 372 2721 ἀνελθόντα
401 2647 450 2727 εἷς
478 2641 561 2727 τοῦς
590 2641 771 2746 οῦράνους·
803 2646 862 2722 καὶ
891 2641 1004 2724 πάλιν
1031 2642 1223 2749 ἐρχόμενον

173 2770 287 2870 κρίναι
315 2767 448 2871 ζῶντας
475 2774 534 2850 καὶ
560 2769 714 2874 νεκρούς.
756 2773 830 2850 Καὶ
856 2776 904 2856 εἰς
931 2769 973 2850 τὸ
1003 2776 1152 2872 Πνεῦμα
1179 2772 1221 2854 τὸ

173 2893 287 2998 ἅγιον.
337 2895 433 2982 Τοῦς
456 2895 495 2977 δὲ
518 2898 703 3000 λέγοντας·
734 2899 780 2998 ἤν
802 2934 890 2980 ποτε
914 2898 973 2978 ὅτε
996 2899 1061 2979 οῦκ
1081 2897 1142 3000 ἢν,
1163 2904 1222 2983 καὶ

172 3026 257 3124 πρὶν
275 3029 488 3125 γεννηθῆναι
506 3027 570 3105 οῦκ
587 3023 648 3124 ἧν,
670 3029 729 3105 καὶ
747 3025 802 3106 ότι
824 3026 868 3132 ἐξ
887 3027 951 3105 οὐκ
969 3026 1082 3107 ὄντων
1100 3029 1218 3130 ε’γένε-

172 3183 229 3247 το,
249 3149 273 3250 ἢ
295 3152 340 3258 ἐξ
359 3152 479 3256 ἑτέρας
500 3153 737 3238 ὑποστάσεως
754 3152 777 3252 ἢ
796 3155 922 3237 οῦσίας
939 3152 1148 3261 φάσκοντας
1167 3153 1219 3235 εἷ-

125 3312 163 3352 20
173 3311 245 3376 ναι,
265 3276 289 3378 ἢ
307 3278 476 3383 πρεπτὸν,
495 3279 519 3380 ἢ
537 3279 739 3362 ἀλλοιωτὸν
757 3279 821 3361 τὸν
839 3278 914 3361 νὶὸν
931 3289 996 3361 τοῦ
1013 3286 1124 3381 Θεοῦ,
1140 3284 1222 3363 τοῦ-

171 3439 254 3491 τους
281 3407 523 3510 ἀναθεμάτιζει
554 3411 577 3508 ἡ
610 3413 782 3507 καθολικῆ
813 3413 871 3488 καὶ
901 3409 1127 3509 ἀποστολικὴ
1157 3414 1217 3493 ε’κ-

172 3536 320 3633 κλησόα.
359 3554 448 3631 Apud
476 3554 589 3613 Concil.
619 3553 797 3612 Chalcedon.
825 3554 892 3613 Aet.
914 3556 945 3615 ii.
975 3557 1045 3616 edit.
1075 3558 1218 3617 Harduin.

172 3681 238 3742 pag.
255 3661 322 3721 286.
339 3662 410 3720 edit.
425 3660 527 3718 Labbe
541 3671 571 3718 et
586 3660 714 3719 Cossart.
729 3679 796 3739 pag.
811 3679 880 3738 339.

371 3840 525 3912 FIDES
550 3840 744 3912 NICAENI
768 3839 1016 3924 CONCIL113

171 3992 280 4048 Extans
299 4002 368 4048 ante
385 3990 526 4048 Codieem
545 3990 700 4047 Canonum
717 3991 857 4048 Veterem
876 3989 1014 4047 Ecclesiae
1033 3990 1183 4057 Romanae,
1201 4010 1219 4047 a

198 4073 244 4129 Fr.
253 4073 366 4129 Pithoeo
378 4071 562 4138 edomatum‚
574 4071 663 4129 Paris.
678 4090 694 4128 e
708 4071 900 4148 typographia
909 4071 990 4149 regia
1002 4069 1089 4144 1687,
1098 4089 1127 4146 p.
1140 4088 1188 4129 αα.

216 4185 399 4247 Οπποιαοε
422 4183 454 4246 in
476 4205 576 4247 unum
595 4183 701 4246 Deum
722 4183 860 4260 Patrem,
877 4181 1133 4270 omnipotentem,
1148 4204 1215 4247 om·
