2678 4830
291 541 339 642 S.
368 537 664 644 CAECILII
701 539 1055 650 CYPRIANI

621 785 727 828 LIBER

205 947 290 1030 DE
320 948 533 1032 OPERE
563 947 646 1030 ET
676 948 1141 1032 ELEEMOSYNIS.

520 1213 814 1258 ...Φ-

150 1406 180 1478 Ι.
202 1367 417 1482 MULTA
435 1419 471 1480 et
489 1434 621 1507 magna
638 1420 733 1498 sunt,
747 1407 871 1481 fratres
890 1403 1076 1494 carissimi,
1090 1405 1199 1479 bene·

121 1522 231 1598 Sficia
245 1523 378 1611 divina,
394 1523 526 1621 quibus
540 1524 578 1596 in
592 1525 745 1597 salutem
763 1535 923 1597 nostram
942 1523 1014 1596 Dei
1033 1524 1147 1596 Patris
1160 1534 1198 1596 et

148 1640 283 1713 Christi
308 1641 407 1740 larga
429 1652 467 1713 et
489 1641 635 1741 copiosa
658 1641 851 1714 clementia
869 1654 905 1714 et
926 1651 1072 1740 operata
1094 1639 1140 1712 sit
1162 1650 1200 1713 et

149 1783 292 1857 semper
314 1770 503 1856 operetur3
525 1757 624 1856 quod
646 1755 899 1831 conservandis
917 1783 958 1829 ac
975 1754 1199 1829 vivificandis

149 1873 254 1945 nobis
283 1873 389 1946 Pater
413 1873 547 1946 Filium
576 1873 686 1963 misit,
715 1886 756 1947 ut
783 1899 943 1972 reparare
974 1897 1040 1944 nos
1066 1883 1199 1971 posset,

150 1987 319 2086 quodque
348 1988 463 2060 Filius
490 1991 620 2063 missus
647 2017 724 2062 esse
750 2001 786 2062 et
813 1988 971 2061 hominis
998 1987 1094 2060 filius
1120 1987 1198 2060 fieri

102 2103 263 2176 10voluit
287 2116 328 2176 ut
350 2131 416 2176 nos
443 2104 516 2177 Dei
539 2105 631 2176 filios
654 2104 798 2177 faceret.
850 2102 1071 2175 Humiliavit
1092 2130 1141 2192 se,
1157 2114 1199 2176 ut

146 2220 323 2318 populum
343 2220 404 2316 qui
424 2220 522 2319 prius
534 2219 680 2315 jacebat
698 2219 859 2316 erigeret.
894 2218 1114 2291 Vulneratus
1132 2230 1198 2309 est,

146 2348 188 2407 ut
208 2335 357 2408 vulnera
381 2347 503 2408 nostra
526 2347 677 2408 curaret.
729 2335 894 2423 Servivit,
918 2345 959 2406 ut
982 2331 1028 2405 ad
1053 2333 1198 2407 liberta-

147 2464 221 2520 tem
250 2449 441 2521 servientes
467 2450 682 2523 extraheret.
736 2449 835 2522 Mori
859 2447 1042 2538 sustinuit,
1065 2461 1106 2521 ut
1128 2449 1199 2525 im·

147 2566 402 2638 mortalitatem
422 2565 633 2638 mortalibus
651 2567 850 2639 exhiberet.
886 2565 1009 2638 Multa
1022 2565 1100 2639 haec
1114 2579 1199 2641 sunt

103 2706 135 2769 ¹5
148 2694 184 2754 et
202 2708 333 2780 magna
350 2680 480 2755 divinae
498 2681 752 2756 misericordiae
769 2708 930 2756 munera.
983 2681 1055 2755 Sed
1078 2681 1200 2757 adhuc

147 2799 262 2897 qualis
280 2797 505 2897 providentia
522 2798 583 2872 illa
601 2811 638 2872 et
659 2811 796 2897 quanta
816 2798 1010 2872 clementia
1027 2811 1082 2872 est
1099 2799 1198 2898 quod

146 2915 251 2988 nobis
275 2914 420 2987 salutari
440 2914 577 2988 ratione
600 2915 827 3015 prospicitur,
844 2927 886 2988 ut
904 2914 1044 2988 homini
1062 2916 1126 3014 qui
1145 2942 1199 2989 re-

149 3028 318 3129 demptus
343 3043 408 3120 est,
428 3030 641 3104 reservando
664 3032 805 3131 plenius
829 3031 1056 3105 consulatur!
1096 3031 1197 3107 Nam

149 3172 233 3220 cum
260 3146 445 3222 Dominus
472 3147 663 3221 adveniens
692 3159 851 3220 sanasset
880 3148 942 3219 illa
968 3173 1049 3244 quae
1076 3147 1195 3221 Adam

102 3302 138 3342 20
149 3274 353 3361 portaverat
367 3262 527 3352 vulnera,
544 3274 581 3335 et
602 3288 741 3335 venena
763 3261 938 3361 serpentis
962 3262 1112 3360 antiqua
1135 3288 1198 3335 cu·

146 3391 269 3468 rasset,
293 3379 411 3477 legem
434 3377 534 3451 dedit
555 3405 655 3467 san0,
678 3390 714 3450 et
738 3377 912 3477 praecepit
932 3404 980 3450 ne
1002 3378 1098 3451 ultra
1118 3376 1313 3474 jamJW,

146 3507 323 3592 peccaret,
341 3522 386 3568 ne
410 3494 498 3594 quid
523 3493 688 3594 peccanti
706 3493 848 3593 gravius
866 3494 1034 3567 eveniret.
1086 3494 1196 3568 Coar-

147 3610 213 3682 tati
242 3636 383 3685 eramus
411 3624 447 3683 et
476 3610 514 3683 in
545 3622 739 3709 angustum
768 3609 984 3683 innocentiae
1011 3611 1196 3711 praescrip-

146 3724 245 3798 tione
271 3727 442 3801 conclusi.
492 3726 574 3800 Nec
604 3727 753 3800 haberet
782 3725 871 3824 quid
896 3726 1098 3824 fragilitatis
1129 3727 1196 3800 hu-

101 3866 265 3930 2511¹³¹¹ae
288 3842 479 3916 infirmitas
498 3855 605 3941 atque
623 3841 851 3919 imbecillitas
875 3841 1019 3930 faceret,
1037 3840 1106 3914 nisi
1130 3841 1196 3914 ite·

147 3982 227 4028 rum
245 3957 362 4054 pietas
379 3959 501 4033 divina
523 3958 751 4051 subveniens,
766 3957 919 4054 justitiae
936 3970 973 4031 et
996 3955 1196 4030 misericor-

148 4070 216 4145 diae
233 4076 401 4172 operibus
418 4075 581 4162 ostensis,
595 4074 691 4148 viam
709 4073 891 4174 quandam
910 4072 1053 4147 tuendae
1071 4071 1195 4145 salutis

149 4189 311 4288 aperiret,
328 4203 371 4265 ut
394 4191 513 4266 sordes
535 4191 768 4292 postmodum
794 4217 1031 4290 quascunque
1055 4201 1196 4264 contra·
