2678 4830
156 326 219 394 194
488 323 868 389 ANNOTATIONES

156 508 276 574 auctor,
291 495 416 580 quando
435 494 518 557 atla
536 495 666 558 tacitam
674 497 799 580 faerit,
814 497 897 582 qaod
914 498 972 560 sub
992 497 1100 559 mrcltis
1115 499 1202 559 testi-

157 585 214 646 bus
230 581 465 668 preferebatur,
489 603 595 643 vocem
618 582 822 645 revocabam:
846 581 879 644 id
901 582 986 667 quod
1007 605 1091 644 nunc
1111 582 1204 645 video

157 667 264 732 fecisse
278 666 466 730 cardinalem
482 666 700 730 Thomasium.

203 755 242 816 P.
257 773 329 837 139.
346 751 367 815 l.
383 768 433 836 15.
448 775 544 838 quam
555 752 706 816 catholice
716 752 747 815 in
760 751 897 815 medium
913 753 1127 840 proferebant]
1142 754 1204 814 Po-

159 839 222 904 suit
235 839 392 903 catholica
407 837 567 924 Rigaltius
581 861 619 901 ex
634 839 739 902 codice
757 839 886 924 antiquo
901 839 933 902 h.
945 863 972 901 e.
988 841 1144 903 catholica
1158 860 1205 902 cc-

158 927 259 990 clesiae
280 947 336 1011 per
358 924 516 988 solennem
538 923 670 1010 ellipsin.
715 923 774 987 Ait
793 947 867 987 vero
888 923 1044 989 Semlerus
1065 925 1104 988 ad
1128 924 1204 988 edit.

159 1034 247 1076 suam
268 1010 451 1090 Halensem,
466 1009 498 1072 in
514 1009 702 1095 quibusdam
725 1009 861 1096 antiquis
883 1010 969 1074 libris
987 1011 1079 1074 scribi
1098 1011 1203 1074 catha-

159 1100 237 1175 lc'cae,
253 1120 319 1160 esse
333 1112 437 1161 autern
453 1095 599 1181 glossam,
614 1119 687 1181 quae
702 1097 836 1194 pertinet
849 1096 888 1159 ad
904 1098 963 1159 illi.
991 1097 1051 1161 Sed
1067 1112 1205 1160 veterem

160 1183 344 1271 scripturam
360 1183 505 1247 catlcolice
519 1182 693 1268 oppositam
708 1181 751 1244 1lli
767 1184 852 1246 c'atcr
866 1183 1055 1260 doracaims,
1072 1184 1205 1269 Lupum

160 1284 255 1355 atque
271 1269 479 1332 Thomasium
495 1281 621 1331 secutus
634 1267 786 1331 revocavi.

204 1358 243 1420 P.
260 1375 331 1437 140.
346 1354 367 1419 l.
381 1375 411 1421 a.
433 1367 476 1431 et,
498 1355 580 1418 Tam
594 1355 669 1418 heae
682 1354 870 1437 currebatis]
888 1352 947 1416 Ait
962 1352 1129 1430 semlerus,
1145 1355 1206 1416 Ju-

161 1441 248 1505 nium
271 1464 394 1505 censere
415 1439 584 1527 legendum
606 1442 699 1515 itcm3
722 1439 801 1503 illud
823 1455 943 1503 certum
965 1463 1041 1516 esse,
1058 1449 1122 1503 tam
1143 1463 1206 1503 non

161 1542 268 1592 extare
281 1526 313 1590 in
329 1528 433 1591 Galat.
447 1550 478 1590 v.

207 1612 292 1678 Ibid.
314 1613 336 1676 l.
353 1629 386 1698 5.
416 1615 472 1699 qai
497 1633 552 1675 vos
577 1612 713 1695 vocavit]
744 1611 863 1688 Habet,
888 1612 942 1675 sed
967 1610 1071 1675 nescio
1096 1633 1205 1696 quare,

162 1722 236 1764 saos
249 1721 311 1762 non
327 1721 382 1762 uos
394 1699 427 1761 in
443 1712 576 1782 utraque
591 1720 648 1760 sua
661 1697 796 1761 editione
812 1697 980 1783 Rigaltius.
1011 1700 1093 1762 Cum
1111 1699 1208 1783 Lupo

163 1800 195 1850 et
211 1784 383 1848 Thomasio
398 1805 451 1848 vos
466 1783 598 1846 restitui.

207 1870 292 1935 Ibid.
306 1870 327 1933 l.
345 1871 394 1933 16.
410 1869 450 1932 de
465 1867 640 1932 testimonio
653 1867 814 1932 reddendo
828 1869 1030 1954 quibusdam]
1047 1871 1140 1932 Hanc
1154 1892 1208 1931 vo-

163 1979 228 2021 cem
251 1956 438 2043 qaibasdam
455 1978 474 2018 a
492 1953 633 2040 Rigaltio
654 1954 686 2016 in
710 1970 844 2040 utraque
866 1955 1001 2019 editione
1022 1955 1208 2041 praetermis-

164 2066 228 2107 sam
243 2065 315 2106 cum
332 2043 429 2127 Lupo
443 2054 475 2104 at
500 2064 538 2104 ue
554 2040 727 2105 Thomasio
740 2041 872 2105 restitui.

208 2129 293 2194 Ibid.
308 2128 330 2191 l.
345 2148 396 2209 24.
419 2065 536 2190 Nullus
550 2128 630 2191 inter
644 2127 760 2190 multos
774 2141 905 2191 eventus
920 2151 1002 2190 unus
1016 2126 1137 2197 exitus;
1153 2151 1208 2189 va-

164 2214 257 2279 riasse
271 2215 423 2278 debuerat
436 2213 577 2277 ordinem
592 2213 742 2278 doctrinae
756 2213 967 2297 ecclesiarum]
987 2216 1040 2276 Ita
1061 2237 1093 2276 se
1114 2213 1210 2276 habet

164 2301 261 2366 editio
278 2301 432 2388 princeps.
471 2303 628 2364 Praestent
647 2300 736 2363 editt.
757 2299 857 2363 Paris.
877 2315 909 2362 et
931 2298 1067 2363 Franek.
1088 2300 1210 2362 Nullas

164 2391 249 2452 later
262 2390 375 2452 maltos
390 2397 518 2450 cecatus
532 2396 579 2450 est
595 2408 680 2450 arcas
695 2388 811 2450 caitae.
839 2388 984 2450 Varlassc
999 2386 1147 2448 debeam
1160 2407 1210 2448 cr-

164 2497 221 2557 ror
234 2475 386 2538 doctrina
399 2473 609 2537 ecclesiaram.
641 2473 722 2536 Haec
741 2472 868 2558 quidem
890 2484 1077 2535 revocarunt
1099 2473 1210 2556 Lupus

165 2574 196 2623 et
212 2559 414 2640 Thomasius,
427 2558 480 2622 sed
494 2558 616 2622 monuit
632 2557 799 2637 Semlerus‚
810 2557 942 2622 Junium
958 2581 1020 2620 non
1037 2557 1116 2619 male
1154 2580 1211 2619 rae-

164 2646 246 2709 ferre
263 2645 427 2710 lectionem
449 2643 606 2723 Rhenani‚
622 2667 677 2707 seu
691 2643 835 2708 editionis
852 2643 1010 2730 principie.
1053 2580 1211 2727 Rigaitius

165 2755 240 2797 vero
259 2731 319 2795 hoc
340 2731 434 2795 modo
448 2731 544 2794 verba
558 2729 733 2793 ordinavit:
757 2731 879 2794 Nullas
893 2733 977 2794 inter
991 2730 1104 2793 multos
1117 2751 1210 2792 cuca-

167 2828 218 2881 tas
233 2839 318 2880 anas
332 2828 387 2881 cst.
421 2817 543 2881 Exitus
564 2818 707 2880 variasse
725 2817 874 2880 mouerat
891 2837 982 2879 error
996 2817 1146 2879 doctrina
1160 2837 1209 2877 cc-

166 2904 343 2967 clcsc'aram.
390 2902 536 2987 Legerim
552 2925 623 2986 ego,
640 2900 745 2964 Nullis
758 2903 843 2965 later
857 2902 969 2965 mrcltcs
984 2911 1111 2964 caecitas
1126 2923 1210 2964 anas

166 2998 213 3052 est
230 2991 347 3051 caitus.
389 2989 534 3052 Variassc
555 2987 727 3050 debuerant
751 2987 859 3050 ordine
882 2987 928 3070 (h.
941 3011 969 3051 e.
991 2986 1051 3050 alia
1072 3010 1111 3050 ex
1135 2986 1209 3070 alia)

166 3075 318 3138 doctrina
331 3075 540 3138 ecclesiaram.

212 3162 252 3224 P.
269 3181 340 3241 141.
360 3159 383 3222 l.
402 3179 430 3226 2.
456 3173 502 3223 tot
516 3158 659 3237 virtutes,
676 3172 723 3222 tot
740 3157 937 3242 charismata]
962 3159 1044 3221 Haec
1064 3159 1104 3221 ab
1123 3158 1212 3222 initio

169 3268 190 3310 u
230 3269 269 3310 ue
288 3247 330 3310 ad
352 3244 523 3310 Marcionis
536 3259 569 3309 et
582 3243 739 3308 Valentini
753 3258 904 3330 tempora,
920 3257 952 3308 et
971 3243 1026 3307 diu
1045 3259 1162 3330 postea,
1179 3244 1211 3306 in

168 3356 220 3396 ecc
232 3332 295 3396 esia
332 3332 512 3396 ermansisse
526 3346 645 3395 veteres
658 3329 837 3394 credebant.

214 3418 298 3482 Ibid.
309 3356 336 3480 i.
352 3439 402 3482 11.
425 3418 509 3504 prior
525 3417 556 3479 in
572 3416 726 3503 doctrina]
746 3416 798 3480 Sic
812 3416 909 3502 vulgo
923 3415 1078 3480 scribitur.
1113 3415 1213 3479 Omit-

169 3505 256 3568 tebat
269 3503 455 3590 particulam
469 3505 505 3567 ia
520 3503 694 3566 Wouwerii
708 3502 818 3566 codex.
842 3501 979 3599 Reponit
991 3503 1014 3564 J
1017 3501 1110 3564 unius
1117 3503 1213 3588 prior

169 3589 253 3652 illius
269 3591 396 3675 (nempe
416 3588 567 3672 veritatis)
588 3590 741 3665 doctrina,
762 3586 969 3666 restitutione,
988 3601 1025 3651 ut
1043 3587 1097 3665 ait,
1117 3587 1214 3650 mani-

169 3676 250 3739 festa
264 3689 295 3738 et
309 3674 487 3739 necessaria.
526 3673 639 3738 Malim
654 3698 713 3760 ego
726 3675 783 3737 illa
798 3673 974 3737 rescribere.

215 3760 299 3824 lbid.
315 3760 337 3823 l.
354 3781 403 3841 14.
426 3761 465 3824 ad
485 3760 643 3824 ecclesiam
667 3783 754 3824 suam
777 3758 895 3843 scribit]
917 3758 1102 3823 Eliminavit
1121 3781 1215 3822 vocu-

169 3846 232 3911 lam
251 3869 343 3910 suam
365 3846 543 3932 Rigaltius3
568 3869 663 3932 quam
686 3845 812 3924 rectius,
827 3845 948 3931 opinor,
969 3845 1122 3924 revocavi,
1142 3867 1215 3909 cum

136 3969 148 3995 ι
171 3931 274 3998 statim
290 3947 362 3996 ante
377 3932 546 4019 scripsisset
560 3949 679 4009 auctor,
695 3933 763 4029 ejas
777 3932 928 3999 doctrina
941 3931 1110 3994 cerasiam.

217 4019 301 4084 Ibid.
315 4019 399 4104 l.19,
416 4017 571 4082 Antonini
584 4019 650 4082 fere
664 4017 854 4104 principatu]
875 4015 1026 4080 Videlicet
1040 4016 1213 4103 utriusque.

172 4108 256 4170 Nam
280 4104 465 4170 Valentinus
488 4119 627 4192 tempore
649 4103 804 4168 Antonini
827 4102 878 4166 Pii
902 4101 1013 4166 vixisse
1035 4101 1160 4190 legitur,
1184 4118 1215 4165 et

173 4191 278 4256 Cerdo
299 4191 446 4278 magister
468 4190 657 4264 Marcionis;
683 4189 828 4253 Marcion
851 4211 925 4252 vero
942 4188 1096 4252 Antonini
1116 4187 1216 4274 philo-

172 4278 273 4364 sophi,
289 4277 344 4363 qui
364 4276 511 4342 successit
529 4277 598 4341 Pio.
628 4275 813 4341 Valentinus
830 4274 958 4362 quidem
978 4289 1010 4339 et
1032 4274 1135 4339 Cerdo
1156 4270 1216 4335 sub
