2678 4830
121 278 160 347 w
511 270 778 342 LEOTORL

123 473 306 568 vitatem,
326 482 368 552 et
387 470 504 579 quasi
524 467 820 580 posteritatem,
841 467 1023 548 ostendit
1044 466 1170 573 Frag-

123 628 325 712 mentum,
352 615 466 724 quod
495 624 620 710 extat,
650 610 851 720 Epistolae
881 611 917 690 S.
940 608 1088 689 lrenaei
1116 609 1170 688 ad

125 758 354 856 Florinum,
389 769 481 837 tum
514 784 611 837 vero
644 755 776 835 fusius
809 753 947 863 arguit
979 752 1084 833 liber
1117 751 1171 831 de

125 902 441 1011 Praescriptione
491 899 797 982 Haereticorum
838 926 863 978 a
907 894 1171 978 Tertulliano

124 1046 311 1155 scriptus.
369 1045 579 1126 Adversus
618 1071 697 1141 eos,
730 1044 802 1152 qui
839 1052 993 1150 negant
1031 1040 1074 1119 in
1110 1067 1171 1119 sa

125 1202 336 1274 eramento
366 1189 546 1298 corporis
580 1200 624 1270 et
657 1187 868 1297 sanguinis
900 1186 1070 1266 Domini
1100 1186 1173 1266 ad-

119 1335 209 1418 ·huc
242 1363 409 1417 manere
438 1333 741 1416 elementorum
772 1331 1056 1427 substantiam,
1087 1332 1172 1413 sive

126 1492 330 1575 naturam,
350 1479 418 1560 hic
441 1478 579 1574 habes,
597 1489 749 1586 praeter
771 1477 861 1559 loca
880 1476 961 1557 alia
979 1478 1171 1573 adducta,

126 1623 207 1704 tria
230 1623 460 1731 praesertim
482 1621 632 1703 veteris
658 1621 756 1703 fidei
784 1620 1043 1714 testimonia3
1071 1650 1173 1729 quo-

127 1793 221 1846 rum
254 1794 387 1846 unum
422 1766 690 1874 desumptum
724 1777 787 1846 est
817 1793 868 1847 ex
898 1763 1087 1874 Epistola
1120 1765 1173 1846 ad

127 1910 353 1990 Caesarium
379 1909 629 1991 monachum
658 1911 702 1990 in
728 1938 902 1990 numero
925 1911 1173 2017 scriptorum

128 2056 165 2136 S.
185 2055 469 2162 Chrysostomi
503 2054 645 2136 habita
672 2055 738 2136 vel
773 2055 1031 2163 antiquitus3
1066 2054 1172 2135 alte-

128 2227 223 2279 rum
251 2212 421 2308 praestat
449 2198 554 2282 liber
583 2199 738 2282 Gelasii
769 2229 886 2309 papae
916 2202 969 2282 de
999 2201 1174 2281 Duabus

129 2343 285 2425 Christi
307 2344 506 2438 Naturis3
537 2356 651 2426 extat
671 2373 766 2427 cum
789 2345 978 2453 pluribus
1003 2348 1175 2427 tertium

129 2488 173 2568 in
206 2487 371 2570 AElfrici
405 2488 739 2598 Anglo-Saxonis
773 2490 982 2600 Epistolis
1046 2492 1176 2572 Porro

130 2629 392 2712 ethnicorum
417 2634 729 2741 superstitiones
749 2647 791 2716 et
811 2636 931 2717 docte
952 2648 994 2716 et
1014 2636 1177 2745 elegan-

130 2786 194 2855 ter
229 2773 454 2855 insectatus
488 2788 551 2856 est
583 2777 620 2857 S.
641 2779 837 2886 Cypriani
872 2780 924 2859 de
961 2779 1176 2861 Idolorum

130 2919 328 3001 Vanitate
347 2918 524 3001 libellus.
564 2921 759 3029 Denique
778 2922 812 3000 si
831 2934 1043 3027 quaeratur
1062 2925 1177 3023 fides,

131 3078 224 3146 tum
248 3091 344 3144 vero
370 3063 597 3171 disciplina,
621 3062 802 3145 ecclesiae
828 3065 1040 3161 universae,
1066 3078 1178 3147 utra-

132 3208 288 3318 quein
318 3207 521 3316 Symbolis
552 3218 595 3288 et
623 3206 861 3288 Canonibus
896 3208 1177 3291 Conciliorum

132 3355 323 3443 Quatuor
340 3353 574 3433 Primorum
589 3350 857 3433 Generalium
872 3354 1082 3438 αὐθεντικῶς
1098 3367 1180 3437 tra-

133 3498 222 3580 dita
240 3508 437 3579 servatur.

190 3642 256 3723 De
286 3641 412 3742 libris,
441 3643 553 3725 unde
585 3643 774 3726 doctrina
806 3641 1078 3728 ecclesiastica
1110 3676 1181 3755 pe-

134 3795 259 3880 tatur,
279 3796 456 3866 tantum.
508 3788 713 3872 Pietatem
740 3790 784 3870 in
815 3791 953 3872 Deum
978 3791 1180 3922 etuofficia

134 3927 466 4009 Christianorum
491 3929 622 4011 disces
644 3960 694 4012 ex
720 3933 756 4012 S.
767 3932 984 4043 Polycarpi
1004 3935 1058 4016 ad
1084 3934 1182 4015 Phi-

135 4069 341 4179 lippenses
367 4071 565 4181 Epistola,
589 4085 715 4182 atque
736 4075 987 4157 Tertulliani
1008 4079 1061 4158 de
1080 4079 1181 4158 Ora-

135 4213 250 4295 tione
288 4213 421 4309 libr0;
460 4216 621 4325 ‚quibus
661 4216 869 4325 opusculis
912 4231 997 4300 tres
1039 4221 1180 4302 addidi
