2678 4830
481 341 546 406 DE
570 341 833 408 ORATIONE.
1122 348 1185 412 118

137 509 212 583 sisti
232 510 329 583 enim
347 510 505 601 Christo,
523 511 575 584 illi
592 539 737 586 carnem
754 528 855 588 tuam
874 514 1061 589 tradidisti.
1103 518 1185 618 Age

137 653 203 724 pro
229 627 348 700 mariti
373 627 427 700 tui
454 627 654 727 disciplina.
697 628 735 702 Si
762 642 894 730 nuptas
919 631 1052 705 alienas
1074 633 1184 707 velari

131 741 248 837 jubet,
266 768 348 815 suas
364 742 491 840 utique
509 744 624 817 multo
644 744 769 843 magis.
812 746 883 819 Sed
907 773 980 819 non
1003 760 1108 848 putet
1129 749 1184 822 in-

137 856 324 930 stitutione
343 857 440 956 (for.
460 859 740 956 institutionem)
764 861 1009 961 unusquisque
1027 877 1187 939 anteces-

111 973 224 1059 5soris
263 973 575 1050 commovendam.
627 976 739 1050 Multi
775 977 901 1051 alienae
935 981 1186 1056 consuetudini

136 1090 366 1189 prudentiam
388 1117 488 1164 suam
511 1089 610 1192 (for.
629 1119 730 1166 snam
750 1092 947 1189 addicunt),
966 1108 1002 1169 et
1019 1111 1186 1171 constan-

137 1204 226 1279 tiam
251 1206 328 1303 ejus
353 1206 527 1281 addicunt
550 1203 649 1306 (for.
669 1209 879 1307 adducunt),
895 1238 942 1284 nc
966 1214 1187 1313 compellan-

137 1337 197 1396 tur
224 1322 323 1425 (for.
345 1323 610 1423 compellantur
634 1325 804 1425 virgines)
828 1327 947 1401 velari.
991 1329 1099 1402 Certe
1124 1356 1186 1402 vo-

137 1439 311 1514 luntarias
329 1439 511 1539 prohiberi
534 1466 605 1512 non
629 1452 782 1539 oportet,
800 1468 880 1537 quae
903 1468 940 1513 se
958 1441 1067 1515 etiam
1085 1439 1185 1542 (for.

93 1569 175 1629 roet
186 1557 281 1653 jam)
296 1557 451 1655 virgines
469 1584 600 1657 negare
618 1584 690 1630 non
708 1570 871 1656 possunt,
888 1571 1066 1632 contentae
1085 1559 1185 1654 abuti

138 1673 174 1745 in
205 1673 302 1746 fama
334 1670 433 1773 (for.
461 1674 499 1747 iu
530 1673 693 1769 infamia)
725 1700 798 1747 suae
827 1673 1056 1747 conscientiae
1090 1674 1188 1775 apud

138 1788 262 1862 Deum
290 1791 491 1862 securitate.
534 1789 594 1863 De
617 1789 687 1862 illis
708 1803 843 1880 tamen,
866 1817 948 1888 quae
969 1791 1108 1890 sponsis
1131 1791 1187 1864 di-

20 1986 22 1990 ,
139 1918 277 1996 cantur,
299 1918 505 1979 constanter
527 1933 634 2006 super
661 1931 784 1978 meum
814 1905 1002 1980 modulum
1026 1933 1185 2003 pronun·

139 2021 232 2094 ciare
255 2022 519 2120 contestarique
540 2048 700 2121 possum,
716 2020 884 2094 velandas
902 2048 946 2094 ex
965 2049 1007 2094 ea
1024 2022 1082 2095 die
1099 2048 1187 2112 esse,

95 2165 210 2235 15qua
231 2139 275 2211 ad
298 2139 459 2238 primum
477 2138 543 2213 viri
566 2166 695 2240 corpus
713 2137 836 2210 osculo
857 2151 895 2210 et
914 2137 1061 2211 dextera
1079 2165 1189 2238 expa-

140 2255 265 2328 verint.
318 2255 454 2331 Omnia
478 2255 574 2327 enirn
600 2255 636 2327 in
661 2254 716 2327 bis
739 2271 1024 2353 praenupserunt,
1042 2268 1079 2327 et
1102 2266 1186 2328 aetas

140 2399 204 2470 per
226 2373 484 2461 maturitatem,
502 2385 538 2445 et
555 2398 637 2445 caro
654 2397 718 2470 per
734 2382 889 2460 atatem,
907 2383 943 2443 et
961 2369 1105 2468 spiritus
1122 2397 1188 2470 per

141 2487 412 2579 conscientiam,
431 2501 468 2561 et
487 2488 604 2588 pudor
621 2514 686 2586 per
699 2487 810 2559 osculi
830 2486 1133 2585 experimentum,
1151 2499 1189 2559 et

141 2631 221 2703 spes
249 2631 314 2704 per
338 2606 639 2705 expectationem,
664 2618 701 2677 et
731 2630 832 2677 mens
859 2631 924 2705 per
951 2602 1186 2677 voluntatem.

95 2752 131 2791 20
141 2721 307 2819 Satisque
333 2722 437 2795 nobis
465 2723 633 2820 exemplo
662 2719 830 2794 Rebecca
855 2734 921 2808 est,
948 2745 1030 2817 quae
1055 2743 1188 2818 sponso
1279 2807 1280 2811 Ἰ

141 2837 399 2925 demonstrato,
415 2850 557 2910 tantum
577 2835 704 2910 notitia
721 2836 796 2932 ejus
814 2833 984 2909 nubendo
1001 2840 1117 2908 velata
1134 2846 1189 2908 est

146 2954 255 3051 (Gen.
269 2954 368 3028 xxiv.
382 2953 474 3048 65.).

190 3071 250 3145 De
273 3098 367 3170 genu
391 3097 535 3170 quoque
556 3067 725 3169 ponendo
742 3068 949 3142 varietatem
968 3066 1189 3140 observatio·
1221 3081 1317 3196 gp&

141 3186 196 3258 nis
222 3188 358 3287 patitur
383 3189 496 3260 oratio
521 3213 586 3285 per
611 3184 784 3285 pauculos
810 3184 1000 3280 quosdam,
1018 3183 1079 3279 qui
1106 3181 1326 3276 sab-mgenu'

98 3319 132 3380 25
142 3304 228 3376 bato
245 3303 427 3377 abstinent
443 3303 607 3403 genibus.
650 3302 744 3384 Quae
762 3299 936 3372 dissensio
953 3324 1066 3396 quum
1085 3280 1313 3372 max-mmm

142 3418 214 3491 ime
240 3418 336 3520 apud
362 3419 530 3494 ecclesias
556 3442 718 3494 caussam
745 3414 853 3503 dicat,
878 3413 1061 3487 Dominus
1088 3413 1189 3487 dabit

142 3536 295 3632 gratiam
313 3563 427 3626 suam,
445 3548 486 3609 ut
503 3549 565 3609 aut
582 3533 722 3622 cedant,
740 3543 801 3604 aut
820 3529 898 3603 sine
916 3530 1068 3604 aliorum
1087 3557 1189 3604 scan-

141 3647 223 3720 dalo
242 3649 417 3723 sententia
436 3676 499 3723 sua
517 3661 674 3723 utantur.
723 3647 803 3720 Nos
822 3673 916 3735 vero,
935 3647 1028 3720 sicut
1051 3647 1191 3748 accepi·

142 3790 235 3853 mus,
253 3765 329 3836 solo
350 3765 408 3838 die
432 3765 631 3838 Dominico
654 3763 752 3866 (for.
770 3764 992 3860 Dominicae)
1015 3792 1191 3839 resurrec-

95 3880 250 3956 30tionis
274 3907 347 3955 non
374 3884 419 3955 ab
442 3881 510 3956 isto
534 3896 686 3967 tantum,
705 3881 767 3953 sed
788 3880 888 3953 omni
913 3879 1102 3954 anxietatis
1127 3881 1191 3954 ha-

141 3997 233 4085 bitu,
246 4010 283 4070 et
300 3996 416 4071 officia
431 4002 444 4093 (
444 3997 530 4099 sor.
541 3999 673 4095 officio)
689 4023 813 4072 cavere
826 3998 1013 4088 debemus,
1026 3996 1191 4070 differen·
1283 4059 1286 4065 .

142 4125 196 4184 tes
221 4113 330 4186 etiarn
355 4116 511 4214 negotia,
529 4142 574 4189 ne
599 4140 707 4213 quern
732 4112 876 4187 diabolo
901 4114 1023 4187 locum
1050 4110 1189 4183 demus.

143 4227 387 4302 Tantumdem
407 4243 445 4303 et
461 4231 577 4328 spatio
595 4242 831 4328 pentecostes
848 4257 928 4329 quoe
945 4229 1071 4304 eadem
1090 4228 1193 4301 exul·

662 4366 674 4408 1
