2678 4830
459 335 523 398 DE
547 333 924 399 MORTALITATE.
1151 334 1215 406 269

170 507 369 581 obnoxium
395 506 485 596 fieri,
502 518 715 604 exemptum
740 505 913 606 pressuris
936 506 1161 604 angentibus,
1178 519 1216 580 et

169 625 353 698 venenatis
369 622 504 697 diaboli
520 622 685 695 faucibus
702 621 905 711 liberatum,
919 621 963 694 ad
980 622 1144 696 laetitiam
1162 649 1218 695 sa·

171 741 257 814 lutis
274 753 415 813 aeternae
432 736 579 810 Christo
596 749 747 810 vocante
763 735 953 836 proficisci.

220 858 264 930 V.
291 855 440 928 Atenim
464 853 639 950 quosdam
666 866 787 926 movet
808 853 904 951 quod
925 854 1109 951 aequaliter
1131 882 1215 929 cum

142 973 365 1073 5gentilibus
392 984 530 1044 nostros
562 969 678 1042 morbi
708 969 809 1043 istius
835 970 996 1043 valitudo
1025 972 1216 1070 corripiat;

171 1089 271 1188 quasi
299 1088 342 1161 ad
370 1087 441 1160 hoc
466 1085 656 1160 crediderit
681 1085 907 1159 Christianus
934 1099 975 1159 ut
1000 1087 1174 1160 immunis
1196 1115 1217 1162 a

171 1218 341 1280 contactu
368 1203 558 1292 malorum,
581 1201 718 1274 mundo
744 1216 780 1274 et
805 1204 936 1275 saeculo
961 1202 1113 1276 feliciter
1137 1231 1218 1303 per-

171 1322 320 1409 fruatur,
337 1333 374 1392 et
396 1345 469 1391 non
493 1318 616 1391 omnia
641 1317 702 1391 hic
726 1318 874 1392 adversa
894 1346 1083 1418 perpessus
1102 1320 1146 1393 ad
1162 1321 1218 1394 fu-

171 1452 291 1511 turam
318 1435 479 1509 laetitiam
508 1448 715 1508 reservetur.
767 1439 892 1509 Movet
917 1436 1091 1533 quosdam
1119 1436 1217 1534 quod

128 1555 220 1628 rosit
252 1553 356 1625 nobis
389 1578 474 1625 cum
509 1551 644 1624 caeteris
679 1551 875 1625 mortalitas
904 1552 971 1625 ista
1001 1554 1217 1627 communis.

174 1671 273 1754 Quid
290 1669 387 1742 enirn
406 1667 510 1740 uobis
527 1668 564 1739 in
585 1668 654 1741 hoc
672 1667 810 1740 mundo
828 1695 900 1741 non
919 1694 1114 1742 commune
1132 1697 1217 1744 cum

173 1786 312 1863 caeteris
328 1784 488 1884 quandiu
511 1783 630 1858 adhuc
653 1783 853 1857 secuudum
876 1785 992 1884 legem
1012 1787 1139 1886 primoe
1156 1813 1219 1859 na-

172 1901 322 1975 tivitatis
351 1912 475 1973 manet
504 1926 586 1973 caro
612 1899 681 1972 ista
705 1901 921 1974 communis.
973 1902 1219 1999 Quoadusque

173 2016 255 2088 istic
279 2015 317 2086 in
342 2014 481 2088 mundo
504 2041 641 2103 sumus,
659 2041 743 2087 cum
769 2042 898 2113 genere
919 2016 1081 2090 humano
1102 2017 1218 2089 carnis

130 2131 378 2229 15aequalitate
396 2130 661 2229 conjungimur,
679 2130 805 2229 spiritu
824 2158 1041 2230 separamur.
1089 2134 1219 2231 Itaque

174 2248 290 2323 donec
314 2247 561 2344 corruptivum
578 2247 678 2318 istud
697 2246 826 2319 induat
847 2248 1165 2346 incorruptionem,
1183 2261 1219 2323 et
1231 2282 1241 2315 1
1253 2266 1308 2316 σοι.

175 2363 330 2438 mortale
359 2363 425 2436 hoc
455 2363 612 2460 occipiat
644 2361 967 2454 immortalitatem,
993 2376 1029 2436 et
1063 2365 1219 2464 Spiritus

177 2507 242 2553 nos
272 2477 444 2578 perducat
473 2478 517 2551 ad
545 2477 669 2551 Deum
699 2479 854 2569 Patrem,
880 2504 1106 2578 quaecuuque
1137 2495 1221 2556 sunt

177 2595 291 2670 camis
315 2594 545 2669 incommoda
567 2606 652 2668 suut
670 2595 775 2668 nobis
798 2622 882 2669 cum
908 2596 1069 2670 humano
1091 2625 1221 2698 genere

131 2737 168 2776 20
178 2710 397 2787 communia.
448 2710 507 2783 Sic
533 2736 617 2784 cum
643 2711 736 2783 foetu
762 2711 871 2784 sterili
898 2724 990 2785 terra
1009 2714 1134 2810 jejuna
1156 2729 1222 2806 est,

177 2829 360 2902 neminem
379 2826 493 2899 fames
511 2837 662 2924 separat.
699 2826 761 2899 Sic
777 2850 863 2899 cum
880 2825 1079 2924 irruptione
1098 2828 1221 2902 hostili

178 2945 303 3019 civitas
332 2943 450 3040 aliqua
475 2968 638 3039 possessa
666 2955 732 3032 est,
749 2969 874 3016 omnes
899 2943 1007 3016 simul
1034 2945 1222 3044 captivitas

178 3071 305 3134 vastat.
355 3059 406 3132 Et
429 3059 575 3157 quando
598 3059 752 3132 imbrem
776 3059 902 3132 nubila
925 3087 1049 3133 serena
1075 3087 1224 3160 suspen-

178 3175 282 3265 dunt,
313 3175 481 3247 omnibus
512 3174 652 3248 siccitas
682 3201 756 3247 una
782 3188 848 3247 est.
901 3173 953 3247 Et
981 3200 1066 3248 cum
1093 3202 1222 3249 navem

133 3313 166 3376 25
180 3292 368 3391 scopulosa
398 3317 483 3363 saxa
513 3290 774 3388 constringunt,
802 3290 1051 3388 navigantibus
1082 3292 1224 3364 naufra-

179 3410 279 3509 gium
303 3408 380 3480 siue
401 3406 615 3505 exceptione
634 3432 829 3479 commuue
847 3416 910 3478 est.
961 3405 1014 3479 Et
1035 3407 1223 3481 oculorum

178 3524 290 3614 dolor,
304 3535 340 3596 et
356 3523 515 3621 impetus
531 3521 697 3611 febrium,
709 3533 744 3593 et
757 3521 921 3594 omnium
936 3519 1095 3594 valitudo
1108 3547 1225 3594 mem-

179 3642 326 3713 brorum
350 3665 433 3712 cum
461 3636 595 3711 caeteris
623 3637 826 3710 communis
853 3650 907 3710 est
934 3637 1037 3710 nobis
1065 3636 1224 3735 quandiu

179 3770 342 3854 portatur
358 3756 395 3828 in
414 3754 544 3827 saeculo
562 3780 644 3827 caro
662 3754 729 3827 ista
746 3751 962 3827 communis.
1008 3752 1225 3835 Quinimmo

132 3872 209 3956 30si
236 3898 307 3969 qua
332 3870 550 3959 conditione,
574 3895 645 3967 qua
668 3869 748 3969 lege
771 3868 971 3959 crediderit,
995 3868 1223 3942 Christianus

180 4000 305 4059 noscat
322 4000 359 4060 et
376 4000 507 4078 teneat,
525 3986 614 4059 sciet
630 3985 711 4085 plus
730 3984 797 4058 sibi
815 4012 924 4084 quam
947 3983 1083 4059 caeteris
1104 3985 1142 4056 in
1161 4010 1224 4056 sae-

181 4103 263 4176 culo
289 4103 536 4190 laborandum,
565 4103 623 4177 cui
655 4102 768 4200 magis
799 4101 846 4175 sit
876 4127 960 4175 cum
991 4099 1124 4174 diaboli
1156 4099 1226 4171 im-

180 4221 403 4319 pugnatione
424 4220 649 4294 luctandum.
700 4219 823 4293 Docet
839 4232 875 4292 et
896 4229 1096 4317 praemonet
1116 4215 1227 4314 scrip-
