2678 4830
508 124 772 199 LECTORI.
1143 148 1168 194 v

124 327 160 407 S.
178 324 377 434 Cypriani
415 334 626 418 tractatus,
664 349 768 432 quos
805 324 858 404 de
895 320 1167 427 Mortalitate‚

124 498 193 553 seu
222 471 355 566 Peste,
375 469 427 550 de
447 467 583 577 Opere
606 479 649 548 et
676 466 969 576 Eleemosynis,
989 470 1042 551 de
1065 473 1167 556 Zelo

123 627 248 724 atque
269 614 419 696 Livore
438 612 688 719 conscripsit.

168 760 305 841 Venio
325 759 379 840 ad
398 758 561 866 scripta,
577 786 671 866 quae
691 757 744 838 ad
759 757 1033 865 quaestionem
1053 760 1167 843 illam

125 904 176 985 de
189 903 363 1012 antiqua
384 902 564 983 Romani
584 900 772 1010 praesulis
791 903 1038 985 auctoritate
1057 933 1170 1014 speo-

126 1060 227 1129 tant.
286 1048 428 1156 Hujus
458 1075 555 1128 vero
588 1047 749 1156 generis
783 1049 868 1129 duo
902 1049 1073 1156 quidem
1100 1050 1170 1132 hic

127 1203 366 1300 comparent
385 1190 598 1301 opuscula3
619 1191 810 1299 Epistola
830 1191 1062 1274 Firmiliani
1083 1194 1172 1276 Cae-

127 1366 250 1420 sareae
279 1336 573 1444 Cappadocum
602 1335 792 1445 episcopi,
821 1340 940 1446 cujus
968 1337 1171 1447 interpres

127 1484 163 1564 S.
179 1480 412 1591 Cyprianus
436 1478 638 1573 habetur;
668 1479 915 1562 ubidicitur
938 1482 1172 1590 Stephanus

129 1628 355 1723 Romanus,
382 1623 550 1732 quando
580 1652 623 1704 se
652 1627 705 1705 ab
733 1624 1016 1707 Orientalibus
1045 1629 1174 1712 scide-

130 1773 193 1869 rit,
213 1800 238 1853 a
262 1770 553 1853 communione
580 1768 862 1852 ecclesiasticae
888 1772 1061 1853 unitatis
1088 1803 1172 1855 non

130 1915 232 2011 illos,
267 1913 340 1995 sed
374 1914 553 2022 seipsum
588 1912 763 1994 scidisse.
830 1915 952 1996 Hanc
985 1916 1174 2024 sequitur

131 2055 346 2167 epistolam
362 2053 605 2163 Capitulum
625 2055 862 2136 Secundum
883 2056 1000 2138 Libri
1021 2057 1175 2137 Diurni

133 2201 384 2283 Pontificum
415 2198 712 2295 Romanorum,
744 2200 787 2279 in
821 2228 905 2308 quo
939 2201 1176 2281 Honorium

133 2347 246 2428 urbis
278 2345 424 2426 Romae
455 2343 703 2451 episcopum,
734 2371 759 2422 a
787 2342 969 2450 generali
1004 2343 1177 2425 concilio

133 2505 229 2574 ante
256 2491 511 2584 damnatum,
532 2513 780 2569 successores
803 2490 892 2596 ejus
915 2488 1178 2571 anathemate

132 2638 247 2739 ῥητῶς
265 2632 433 2714 feriunt.

191 2776 315 2867 Quod
343 2773 505 2856 libellos
530 2775 629 2854 istos
656 2773 729 2854 tali
756 2774 902 2856 ordine
929 2803 1177 2857 commemo·

137 2920 232 3016 ravi,
264 2916 343 2999 hoc
375 2946 424 2998 eo
458 2919 704 3025 spectabam,
735 2928 784 2998 ut
816 2918 860 2998 in
899 2917 1009 3000 locos
1039 2919 1179 2999 distri-

137 3067 388 3155 buerentur;
419 3072 562 3141 contra
585 3060 628 3141 in
653 3061 741 3167 ipso
760 3059 972 3141 volumine
994 3073 1183 3142 auctores

140 3206 291 3316 singuli
323 3234 398 3287 suo
431 3205 608 3315 quisque
642 3206 838 3315 temporis
869 3206 1014 3287 ordine
1048 3206 1185 3314 dispo-

140 3353 207 3433 siti
227 3363 337 3448 sunt,
358 3363 408 3431 ut
425 3350 573 3431 utilius
592 3349 855 3458 legerentur3
876 3352 956 3432 nisi
977 3352 1091 3460 quod
1111 3351 1184 3459 qui

141 3496 260 3578 initio
280 3494 415 3604 operis
435 3506 581 3576 extant
600 3494 827 3602 scriptores,
846 3493 921 3576 hos
941 3493 1065 3575 simul
1088 3499 1187 3605 jun-

141 3641 297 3750 gendos
326 3640 478 3735 censui,
507 3637 793 3748 Polycarpum,
824 3639 1043 3736 Irenaeum,
1074 3640 1184 3747 Hip-

141 3783 342 3893 polytum,
369 3810 464 3864 cum
495 3781 1008 3892 Hippolytusdiscipulus
1038 3783 1187 3864 Irenaei

142 3926 298 4023 fuisset,
315 3928 584 4037 Irenaeusque
601 3924 886 4034 Polycarpum,
900 3928 927 4008 J
929 3926 1073 4008 oannis
1092 3953 1188 4034 apo-

145 4069 238 4151 stoli
259 4070 520 4179 discipulum,
540 4070 774 4153 audivisset.
