2678 4830
388 335 451 398 DE
476 335 601 399 ZELO
625 334 689 396 ET
714 333 902 398 LIVORE.
1104 337 1168 403 309

120 521 197 581 tero
214 519 328 580 cessat
346 507 484 580 facinus
502 518 707 606 perpetrato
725 520 863 604 stupra,
877 505 913 576 in
932 504 1069 577 latrone
1082 531 1169 578 con-

120 624 272 722 quiescit
291 624 406 695 scelus
424 622 621 695 homicidio
640 622 808 710 admisso,
826 634 863 694 et
885 621 1045 720 praedoni
1067 648 1168 722 rapa-

121 741 265 814 citatem
294 739 420 812 statuit
444 739 564 838 praeda
591 767 764 839 possessa,
787 754 822 811 et
849 739 991 812 falsario
1018 738 1168 811 modurn

120 855 224 955 ponit
240 855 391 953 impleta
407 855 557 928 fallacia.
610 855 719 928 Zelus
743 855 938 930 terminum
957 882 1030 927 non
1049 855 1168 940 babet,

93 997 336 1070 spermanens
361 971 497 1070 jugiter
524 974 660 1046 malum
688 986 726 1046 et
752 972 828 1045 sine
854 974 926 1045 fine
955 985 1169 1072 peccatum3

122 1100 331 1186 quantoque
355 1088 415 1160 ille
440 1090 496 1161 cui
522 1089 705 1163 invidetur
729 1117 894 1163 successu
917 1090 1064 1164 meliore
1087 1115 1171 1188 pro-

122 1204 257 1293 fecerit,
275 1217 376 1277 tanto
394 1205 536 1278 invidus
560 1206 596 1277 in
617 1211 733 1303 majus
751 1206 959 1280 incendium
979 1207 1098 1278 livoris
1116 1205 1171 1302 ig-

122 1320 228 1392 nibus
247 1321 447 1394 inardescit.
501 1322 602 1397 Hinc
618 1324 739 1396 vultus
758 1325 892 1411 minax,
910 1337 1032 1396 torvus
1050 1349 1171 1422 aspec-

123 1449 192 1525 tus
210 1438 326 1534 pallor
343 1438 378 1510 in
399 1438 499 1528 faeie,
518 1439 554 1511 in
573 1440 676 1512 labiis
694 1453 838 1529 tremor,
855 1440 985 1514 stridor
1001 1440 1038 1511 in
1056 1438 1172 1511 denti-

78 1555 203 1642 10bus,
219 1557 327 1627 verba
343 1555 477 1644 rabida,
495 1557 673 1629 effraenata
695 1557 867 1645 convicia,
887 1583 1014 1630 manus
1039 1556 1082 1628 ad
1107 1581 1173 1628 eae-

124 1670 178 1743 dis
209 1671 416 1744 violentiam
448 1689 627 1772 prompta,
655 1673 796 1746 etiamsi
828 1702 847 1746 a
881 1674 1001 1773 gladio
1029 1672 1172 1746 interim

125 1812 248 1876 vacua,
266 1786 349 1860 odio
375 1801 496 1860 tamen
523 1789 661 1861 furiatae
689 1789 819 1862 mentis
847 1803 992 1862 armata.
1044 1788 1096 1861 Et
1122 1787 1174 1860 id-

124 1903 219 1976 circo
243 1903 398 2003 Spiritus
416 1905 570 1979 Sanctus
588 1906 678 1980 dicit
695 1906 730 1978 in
753 1906 924 1979 Psalmis:
943 1906 1035 1992 Noli
1052 1905 1223 1980 zelarers.
1235 1923 1317 1972 xxxvi·

126 2020 212 2093 bene
229 2021 476 2096 ambulantem
494 2025 531 2096 in
548 2024 609 2096 via
626 2050 705 2096 saa.
748 2024 799 2096 Et
818 2024 948 2096 iterum
963 2056 972 2107 ;
998 2024 1174 2097 Obserua-

80 2164 113 2225 15
127 2138 179 2211 bit
198 2149 373 2235 peccator
388 2138 548 2238 justum,
575 2150 611 2213 et
635 2140 804 2213 stridebit
830 2141 880 2213 ad
904 2166 982 2212 eam
1011 2140 1176 2214 dentibus

125 2255 211 2327 sais.
248 2255 356 2326 Deus
380 2266 501 2329 autem
522 2257 692 2329 irridebit
712 2282 804 2344 eum,
821 2258 991 2355 quoniam
1007 2257 1176 2352 providet

127 2372 215 2468 qaia
232 2374 350 2443 ueniet
369 2371 445 2444 dies
463 2372 550 2471 ejas
597 2373 677 2445 Hcs
698 2374 824 2445 beatus
843 2373 1025 2471 apostolus
1043 2373 1175 2445 Paulus

126 2486 291 2583 designat
309 2501 345 2559 et
368 2487 517 2560 denotat
540 2488 685 2561 dicens:
707 2490 895 2562 Venenum
922 2490 1088 2587 aspidum
1111 2490 1176 2563 sub
1185 2503 1257 2552 mm.
1270 2503 1304 2550 iii·

128 2603 235 2676 labiis
254 2631 387 2692 eorum,
407 2615 443 2678 et
465 2630 505 2678 as
529 2631 652 2678 earam
676 2589 928 2680 maledictione
946 2618 981 2681 et
998 2608 1177 2681 amaritu-

81 2721 212 2794 aodine
232 2720 384 2818 plenum
410 2732 472 2794 est.
511 2723 553 2795 V
549 2721 662 2795 elaces
685 2723 735 2795 ad
754 2721 1012 2825 ffundendum
1027 2726 1177 2824 sangui-

127 2864 208 2911 nem
225 2839 339 2935 pedes
362 2864 496 2928 aarum,
519 2841 688 2913 contritio
710 2851 746 2914 et
770 2840 962 2914 calamitas
980 2841 1018 2914 in
1035 2842 1105 2914 viis
1123 2867 1178 2914 eo-

129 2981 211 3027 rum
228 2956 404 3053 quinium
424 2957 530 3053 pacis
553 2983 624 3030 non
647 2968 887 3056 agnoverant,
904 2985 970 3032 nec
994 2970 1047 3031 est
1070 2959 1178 3033 timor·

130 3073 208 3145 Dei
234 3083 320 3146 ante
343 3073 466 3146 aculus
491 3100 624 3148 eorum.
676 3075 799 3147 Multo
832 3075 968 3148 malum
1000 3076 1112 3149 levius
1141 3091 1178 3150 et

128 3187 330 3288 periculum
350 3190 470 3263 minus
489 3204 544 3263 est
561 3217 643 3264 curn
669 3193 834 3264 membra
852 3191 972 3290 gladio
990 3193 1178 3265 vulneran-

84 3334 97 3372 2
101 3329 117 3391 5
130 3318 199 3378 tur.
238 3305 367 3378 Facilis
386 3333 470 3379 cura
487 3320 542 3378 est
559 3307 619 3379 ubi
639 3307 745 3405 plaga
764 3308 952 3406 perspicua
970 3323 1035 3398 est,
1052 3322 1088 3382 et
1106 3310 1178 3383 cito

130 3422 175 3495 ad
202 3423 390 3495 sanitatem
421 3423 559 3495 medela
586 3424 819 3498 subveniente
845 3426 1054 3526 perducitur
1080 3427 1180 3526 quod

130 3538 282 3612 videtur.
333 3539 413 3613 Zeli
431 3540 578 3613 vulnera
596 3541 757 3613 abstrusa
776 3555 914 3615 suntet
931 3544 1093 3628 occulta;
1112 3572 1179 3618 nec

131 3657 331 3730 remedium
359 3684 452 3730 curae
480 3656 655 3730 medentis
686 3656 882 3732 admittunt
909 3687 989 3757 quae
1019 3689 1057 3733 se
1087 3662 1180 3734 intra

132 3774 360 3847 conscientiae
386 3774 536 3846 latebras
560 3800 662 3846 coeco
679 3774 800 3847 dolore
819 3776 1034 3849 clauserunt.
1087 3778 1180 3859 Qui-

83 3915 274 3987 30cunque
295 3918 331 3962 es
356 3889 498 3964 invidus
517 3904 553 3961 et
578 3890 771 3988 malignus,
790 3891 918 3963 videris
937 3918 1044 3989 quam
1065 3893 1110 3964 sis
1129 3894 1180 3964 eis

28 4087 30 4091 y
132 4032 222 4103 quos
241 4005 345 4078 odisti
366 4004 567 4097 insidiosuS,
585 4008 818 4106 perniciosus,
835 4007 997 4081 inl'estus.
1032 4007 1180 4081 Nullius

133 4121 247 4219 magis
266 4148 375 4218 quam
400 4136 471 4196 tuae
494 4124 618 4195 salutis
642 4124 809 4196 inimicus
832 4152 879 4196 es
925 4123 1098 4221 Quisquis
1120 4124 1181 4197 ille

131 4250 185 4309 est
210 4264 318 4334 quem
343 4240 421 4311 zelo
444 4240 678 4338 persequeris,
698 4239 944 4338 subterfugere
963 4255 999 4313 et
1016 4241 1127 4313 vitare
1146 4253 1181 4313 te

631 4377 688 4440 ³¹3
