2678 4830
332 324 397 387 DE
421 324 823 391 PuAEscRIP'moNE
844 327 973 392 HAER.
1113 330 1178 400 189

127 493 375 593 neglexerunt,
396 509 460 568 aut
482 496 633 570 minime
656 497 934 586 intellexerunt3
962 501 991 573 si
1015 526 1088 573 non
1113 499 1176 574 ad-

127 612 380 711 impleverunt,
394 612 655 687 abscondentes
673 613 809 712 aliquid
826 613 871 688 de
888 615 1038 702 lumine,
1052 614 1090 689 id
1108 629 1176 706 est,

127 727 173 800 de
197 727 270 801 Dei
301 729 423 819 verbo,
449 741 486 802 et
512 728 648 802 Christi
679 744 914 805 sacramento.
964 731 1293 824 Neminem,1001.r.

127 845 224 945 quod
243 847 329 936 scio,
339 848 565 937 verebantur,
582 872 655 920 non
672 846 883 921 Judaeorum
902 847 989 939 vim,
1006 875 1079 922 non
1097 849 1179 922 eth·

100 964 316 1047 snieorum:
343 989 416 1061 quo
435 963 549 1063 magis
567 963 695 1061 utique
716 963 752 1036 in
779 962 930 1037 ecclesia
952 965 1063 1039 libere
1085 991 1179 1065 prae·

127 1080 306 1171 dicabant,
323 1080 385 1179 qui
412 1080 449 1152 in
477 1079 669 1180 synagogis
694 1092 731 1152 et
755 1079 794 1152 in
815 1079 1080 1180 lociepublicis
1103 1108 1177 1155 non

127 1199 307 1271 tacebant.
357 1196 480 1270 Immo
504 1223 622 1296 neque
644 1195 792 1270 Judaeos
818 1208 1036 1288 convertere,
1059 1224 1178 1298 neque

127 1309 292 1384 ethnicos
326 1308 494 1382 inducere
528 1311 740 1409 potuissent,
769 1311 838 1384 nisi
868 1313 965 1410 quod
998 1312 1094 1386 credi
1129 1316 1175 1388 ab

128 1426 178 1500 eis
195 1426 376 1514 volebant,
393 1425 518 1498 ordine
535 1440 767 1526 exponerent.
819 1429 945 1503 Multo
961 1429 1077 1528 magis
1095 1430 1174 1526 jam

82 1543 356 1618 rocredentibus
383 1543 541 1616 ecclesiis
566 1543 658 1616 nihil
681 1545 952 1636 subtraxissent,
969 1546 1067 1644 quod
1096 1546 1175 1620 aliis

127 1661 253 1760 paucis
266 1686 426 1733 seorsum
440 1659 718 1733 demandarent:
737 1687 973 1760 quamquam,
987 1675 1023 1735 et
1037 1661 1066 1734 si
1079 1689 1178 1759 quee-

128 1775 210 1848 dam
238 1777 332 1848 inter
357 1774 586 1866 domesticos,
607 1788 647 1849 ut
673 1777 724 1850 ita
749 1776 915 1867 dixerim,
942 1777 1178 1869 disserebant,

128 1919 200 1965 uon
222 1905 344 1965 tamen
369 1919 412 1966 ea
434 1892 543 1965 fuisse
567 1892 785 1965 credendum
804 1907 870 1984 est,
888 1919 968 1991 quae
989 1895 1096 1968 aliam
1121 1921 1177 1968 re-

128 2009 250 2106 gulam
277 2007 361 2081 fidei
385 2008 677 2107 superducerent,
699 2008 876 2083 diversam
898 2023 935 2083 et
960 2011 1177 2083 contrariam

82 2153 116 2216 15
127 2125 190 2216 illi,
206 2153 316 2224 quam
336 2126 513 2199 catholice
531 2125 570 2198 in
588 2125 748 2199 medium
772 2124 1025 2225 proferebant:
1052 2140 1094 2199 ut
1111 2127 1175 2199 ali-

127 2270 187 2316 um
215 2244 340 2317 Deum
366 2243 404 2316 in
430 2243 580 2316 ecclesia
606 2242 776 2330 dicerent,
797 2242 909 2315 alium
933 2243 969 2314 in
995 2242 1174 2342 hospitio;

128 2375 165 2434 et
186 2361 293 2434 aliam
312 2359 448 2433 Christi
466 2358 702 2433 substantiam
725 2359 955 2459 designarent
977 2360 1016 2432 in
1039 2374 1175 2458 aperto,

128 2477 233 2550 aliam
252 2477 290 2550 in
310 2488 469 2561 secret03
494 2488 531 2548 et
547 2474 654 2547 aliam
672 2502 773 2574 spem
794 2475 1059 2548 resurrectionis
1078 2477 1175 2575 apud

127 2620 253 2666 omues
277 2592 543 2680 annuntiarent,
562 2591 668 2665 aliam
693 2591 790 2690 apud
812 2618 968 2691 paucosz
995 2618 1078 2665 cum
1103 2592 1174 2691 ipsi

82 2741 119 2780 20
129 2708 402 2783 obsecrarentin
418 2708 577 2806 epistolis
592 2707 676 2797 suis,
691 2721 730 2780 ut
746 2709 787 2781 id
801 2709 920 2805 ipsum
934 2722 972 2783 et
990 2735 1104 2782 unum
1122 2710 1290 2785 l0-100r.i.

128 2838 323 2924 querentur
339 2851 476 2912 omneS,
493 2837 530 2896 et
547 2850 618 2896 nou
635 2835 753 2897 essent
772 2824 968 2898 schismata
985 2844 1022 2898 et
1039 2825 1176 2899 dissen-

129 2941 245 3014 siones
270 2941 307 3013 in
331 2939 493 3029 ecclesia,
509 2939 594 3038 quia
612 2943 686 3015 sive
704 2941 848 3032 Paulus,
866 2941 940 3014 sive
959 2941 1030 3032 alii,
1047 2941 1174 3016 eadem

127 3057 378 3159 praedicarent.
414 3057 591 3155 Alioquin
607 3058 867 3132 meminerant:
889 3058 948 3132 Sit
963 3086 1081 3133 sermo
1098 3085 1256 3140 ves-Mau„
1268 3105 1292 3138 v.

129 3186 196 3264 ter,
215 3175 298 3264 Est,
317 3185 370 3248 est
380 3207 392 3258 3
413 3173 510 3259 Nou,
529 3200 623 3247 nou:
646 3175 744 3274 quod
767 3174 937 3272 amplius,
953 3174 1020 3248 hoe
1036 3201 1060 3248 u
1078 3175 1174 3249 mulo

80 3319 115 3382 25
129 3303 210 3366 est:
245 3319 290 3365 ne
322 3291 458 3365 scilicet
486 3289 714 3390 evangelium
744 3291 781 3363 in
812 3290 1016 3364 diversitate
1045 3303 1175 3364 tracta-
1215 3314 1217 3323 ·

127 3424 216 3484 rent.

177 3526 216 3598 Si
245 3553 330 3624 ergo
361 3523 571 3598 incredibile
600 3534 666 3610 est,
692 3523 747 3595 vel
780 3521 960 3619 ignorasse
993 3523 1173 3622 apostolos
1216 3549 1299 3599 cae.

127 3640 389 3738 plenitudinem
415 3637 692 3738 praedicationis,
717 3638 773 3711 vel
801 3665 872 3711 non
905 3664 1051 3712 omnem
1078 3639 1174 3713 ordi·
1203 3615 1316 3666 XXVH‘

127 3783 211 3829 nem
239 3757 371 3854 regulae
396 3755 565 3827 omuibus
591 3753 766 3828 edidisse:
791 3753 989 3845 videamus,
1012 3782 1058 3828 ne
1082 3756 1173 3830 forte

76 3872 278 3971 30apostoli
306 3871 453 3970 quidem
479 3871 692 3970 simpliciter
717 3885 754 3945 et
784 3872 900 3970 plene,
925 3871 1084 3945 ecclesiae
1112 3900 1174 3946 au-

126 4002 200 4061 tem
224 4014 289 4061 suo
309 3988 397 4060 vitio
420 3987 523 4061 aliter
547 3989 760 4088 acceperint,
778 4015 890 4085 quarn
916 3989 1067 4089 apostoli
1094 4016 1173 4088 pro-

125 4105 298 4177 ferebant.
357 4104 493 4176 Omnia
527 4103 595 4176 ista
624 4103 906 4203 scrupulositatis
938 4104 1173 4178 incitamenta

125 4219 286 4294 invenias
312 4219 486 4320 praetendi
518 4221 562 4293 ab
589 4220 776 4295 haereticis.
827 4221 970 4295 Tenent
992 4234 1171 4322 correptas
