2678 4830
125 313 192 381 286
506 315 538 379 S.
556 315 794 381 CYPRIANI

126 487 169 561 Si
190 486 327 560 videris
349 486 498 579 nudum,
514 489 607 562 cesti
630 515 723 579 eum,
740 499 777 564 et
796 489 1011 563 domesticos
1033 487 1193 563 sericinis

124 604 180 676 tui
203 630 274 676 non
298 603 487 701 despicias.
527 605 629 678 Tune
649 615 812 703 erumpet
830 615 1110 702 temporaneum
1129 604 1192 677 lu-

123 745 206 793 men
225 729 338 808 tunm‚
357 730 392 793 et
408 722 622 794 uestimenta
646 731 712 794 tua
736 723 805 795 cito
830 723 1008 811 orientur,
1029 732 1069 795 et
1084 747 1191 819 prce-

123 836 190 910 ibit
207 846 293 910 ante
314 847 350 910 te
359 838 527 936 justitia,
545 848 580 912 et
601 837 755 912 claritas
773 838 852 912 Dei
869 839 1118 913 circumdabit
1134 850 1187 913 te.

128 952 231 1026 Tunc
249 952 479 1043 eaclnmubis,
493 965 529 1027 et
545 954 652 1028 Deus
670 955 840 1028 exaudiet
856 966 904 1029 te.
930 955 1037 1028 Dum
1056 954 1209 1040 adbucs

125 1067 308 1169 loqueris:
327 1070 424 1144 Ecce
447 1071 586 1145 adsum.
638 1072 816 1145 Remedia
839 1071 1070 1172 propitiando
1091 1071 1183 1145 Deo

125 1185 236 1285 ipsius
262 1187 333 1259 Dei
360 1187 476 1260 verbis
503 1186 587 1260 data
615 1201 719 1273 sunt;
746 1188 835 1286 qnid
860 1187 1033 1261 deberent
1057 1188 1181 1262 facere

123 1315 313 1403 peccantes
341 1303 546 1402 magisteria
571 1303 691 1376 divina
720 1303 929 1394 docuerunt,
954 1305 1180 1403 operationi-

123 1417 192 1491 bus
211 1418 321 1516 justis
346 1419 430 1492 Deo
456 1419 631 1509 satisfieri,
649 1419 901 1493 misericordiae
924 1418 1061 1492 meritis
1089 1447 1180 1519 pec-

0 1547 95 1599 ·axt
123 1545 202 1605 cata
224 1533 381 1633 purgari.
433 1534 484 1606 Et
508 1533 605 1633 apud
629 1534 860 1608 Salomonem
882 1533 1058 1634 legimus:
1080 1536 1225 1610 Con-m

124 1649 229 1723 clude
246 1651 508 1751 eleemosynam
527 1652 566 1724 in
583 1652 691 1725 corde
701 1652 890 1750 pauperis,
908 1661 944 1725 et
960 1651 1033 1725 laec
1042 1675 1120 1749 pro
1138 1663 1179 1727 te

122 1766 288 1839 exorabit
313 1766 359 1839 ab
385 1769 482 1840 omni
507 1766 614 1840 malo.
660 1767 710 1841 Et
738 1767 885 1841 iterum:
918 1767 995 1845 Qui
1024 1768 1177 1842 obturat

123 1909 290 1957 auresue
303 1883 432 1957 audiat
448 1883 681 1974 imbecillum,
697 1896 732 1959 et
749 1886 827 1982 ipse
843 1885 1023 1959 invocabit
1036 1886 1176 1978 Deam,

123 2011 159 2074 et
174 2027 245 2074 non
264 2001 335 2074 erit
351 2001 413 2099 qui
430 2000 603 2074 eraudiat
620 2027 711 2075 eum.
763 2001 896 2100 Neque
914 2001 1009 2074 enim
1028 2029 1176 2101 prome-

119 2117 186 2190 reri
219 2117 497 2191 misericordiam
528 2118 680 2191 Domini
711 2118 843 2218 poterit
872 2118 935 2217 qui
970 2119 1173 2194 misericors
1187 2148 1220 2210 15

119 2233 196 2334 ipse
213 2262 286 2307 non
304 2234 422 2324 fuerit,
440 2248 501 2308 aut
519 2234 728 2334 impetrabit
745 2233 790 2306 de
807 2234 928 2307 divina
948 2233 1082 2334 pietate
1107 2237 1174 2309 ali-

118 2350 206 2448 quid
229 2351 265 2423 in
293 2350 460 2450 precibus
479 2350 540 2448 qui
560 2348 604 2423 ad
622 2376 763 2450 precem
784 2351 951 2449 pauperis
969 2377 1044 2423 non
1062 2351 1172 2426 fuerit

119 2466 311 2540 humanus.
363 2466 472 2550 Quod
497 2468 581 2540 item
606 2467 642 2539 in
665 2467 819 2540 Psalmis
838 2466 992 2566 Spiritus
1014 2467 1174 2543 Sanctus

30 2597 63 2646 xl·
118 2581 275 2656 declarat
293 2597 328 2657 et
345 2585 475 2682 probat
491 2583 635 2658 dicens:
659 2583 801 2657 Beatus
821 2583 885 2682 qui
906 2582 1087 2681 intelligit
1109 2611 1172 2656 su-

112 2725 183 2798 per
201 2726 352 2800 egenum
371 2710 406 2773 et
418 2726 631 2799 pauperem,
650 2701 688 2773 in
706 2700 764 2773 die
780 2698 880 2772 mala
897 2698 1068 2773 liberabit
1085 2727 1170 2776 eum
1182 2735 1222 2775 20

117 2818 312 2891 Dominus.
366 2819 532 2901 Quorum
561 2830 822 2916 praeceptorum
854 2843 993 2890 memor
1020 2818 1171 2906 Daniel,

116 2961 201 3009 cum
228 2960 291 3005 rex
317 2932 657 3006 Nabuchodonosor
682 2931 830 3006 adverso
856 2933 996 3006 somnio
1022 2934 1170 3009 territus

116 3061 292 3139 aestuaret,
310 3075 375 3149 pro
393 3048 592 3121 avertendis
610 3048 712 3122 malis
731 3049 776 3122 ad
794 3049 951 3123 divinam
970 3077 1080 3152 opem
1098 3051 1172 3125 im-

115 3166 326 3269 petrandam
352 3165 551 3240 remedium
574 3165 673 3238 dedit
690 3165 831 3239 dicens:
852 3167 1071 3263 Propterea,
1087 3193 1169 3259 rea,

117 3284 307 3360 consilium
323 3311 441 3360 meum
453 3284 603 3382 placeat
620 3282 697 3371 tibi,
714 3293 749 3355 et
764 3292 918 3381 peccatu
935 3292 1000 3356 tna
1018 3281 1168 3357 eleemo-
1179 3316 1216 3378 25

115 3405 219 3501 spuis
234 3403 373 3476 redime
391 3411 426 3475 et
442 3401 646 3501 injustitias
664 3409 749 3472 tuos
765 3399 1059 3472 miserationibus
1069 3426 1167 3497 pau-

111 3545 256 3616 perum,
274 3528 310 3591 et
327 3520 398 3592 erit
417 3518 525 3592 Deus
536 3545 695 3616 parceres
706 3518 870 3615 peccatis
887 3519 971 3591 tuis.
1013 3517 1081 3590 Cui
1100 3545 1166 3592 rex

116 3662 190 3708 non
208 3636 461 3734 obtemperans
479 3635 624 3708 adversa
638 3660 719 3731 quae
731 3633 868 3708 viderat
884 3647 921 3706 et
937 3633 1066 3707 infesta
1083 3662 1165 3733 per-

116 3776 241 3853 pessus
261 3763 335 3824 est:
363 3776 444 3847 quae
461 3749 609 3823 evadere
627 3763 663 3822 et
685 3750 796 3823 vitare
818 3749 1005 3850 potuisset,
1023 3750 1053 3824 si
1077 3779 1164 3852 pec-

117 3880 197 3942 cata
220 3893 284 3939 sua
304 3865 544 3964 eleemosynis
562 3862 781 3938 redemisset.
833 3865 1000 3965 Raphael
1017 3891 1215 3963 quoquego

116 3986 264 4086 angelus
286 3984 386 4085 paria
408 3995 570 4074 testatur,
588 3995 625 4056 et
641 3995 682 4056 ut
699 3984 928 4082 eleemosyna
948 3983 1104 4056 libenter
1120 4010 1164 4058 ac

0 4119 69 4170 ,ὼ
117 4103 261 4202 largiter
286 4103 350 4176 fiat
375 4101 539 4174 hortatur
562 4098 708 4172 dicens:
735 4099 843 4172 Bona
866 4107 921 4171 est
942 4098 1058 4172 oratio
1082 4123 1163 4173 cum

39 4219 46 4233 ’
104 4218 253 4318 jejunio
280 4229 317 4293 et
344 4218 592 4317 eleemosynas
626 4215 715 4314 quia
743 4213 968 4313 eleemosyna
995 4239 1019 4288 a
1046 4224 1165 4289 morte
