2678 4830
256 341 308 405 IN
334 338 675 424 TERTULLIANI
699 339 764 403 DE
788 341 1048 407 ORATIONE.
1116 346 1176 408 181

177 513 214 574 P.
231 530 302 592 114.
316 511 337 576 l.
353 531 403 597 23.
428 507 659 575 communitatis
673 510 785 610 omnis]
804 513 881 575 For.
896 512 1047 576 omnium.

176 596 296 662 Ibid.'l.
307 618 361 683 30.
385 611 495 684 quaet
509 596 619 661 orandi
633 596 874 662 admonitionem
889 600 1094 687 constringat]
1112 601 1175 665 Le-

130 683 269 769 gendum
296 683 431 763 videtur,
452 707 525 770 quae
547 692 578 747 et
598 685 713 748 orandi
735 683 946 749 admonitione
966 689 1175 786 constringat.

131 772 178 834 Et
199 786 307 858 postea
323 772 391 857 jam
412 769 607 834 Montanista
627 770 729 834 factus
753 770 982 851 Tertullianus,
1004 773 1061 837 etsi
1083 774 1177 855 dicat,

131 879 253 942 semper
274 871 306 921 et
328 856 446 944 ubique
470 872 502 921 et
526 854 611 921 omni
638 871 777 942 tempore
798 857 963 936 orandum,
986 873 1089 923 tamen
1114 871 1177 925 tres

130 942 205 1006 istas
233 943 325 1007 horas
348 943 466 1007 fatetur
492 966 557 1006 esse
584 942 779 1029 apostolicas,
806 943 941 1023 tertiam,
967 960 1098 1025 sextam,
1121 970 1177 1011 no-

131 1052 214 1128 nam,
237 1030 337 1095 Ades.
360 1031 529 1116 Pspelricos
552 1052 621 1116 cap.
640 1049 689 1094 10.
715 1029 770 1094 ubi
797 1029 908 1094 similia
937 1031 1011 1096 huic
1037 1031 1105 1097 loco
1130 1033 1177 1097 in-

131 1139 247 1180 vemas.

174 1204 213 1266 P.
229 1222 298 1287 115.
314 1201 337 1266 l.
345 1222 377 1288 3.
396 1200 548 1288 Exceptis
563 1201 672 1288 utique
687 1200 832 1290 legitimis
845 1201 1050 1289 orationibus]
1064 1207 1176 1270 Preces

130 1288 299 1352 matutinas
320 1312 357 1352 ac
379 1288 569 1375 vespertinas
592 1287 660 1373 lege
683 1288 879 1375 praescriptas
901 1288 953 1355 ait.
999 1291 1050 1354 De
1072 1291 1109 1354 iis
1132 1292 1176 1356 lo-

129 1374 239 1461 quitur
254 1376 497 1462 Chrysostomus
513 1376 611 1438 Hom.
625 1392 675 1439 22.
693 1374 725 1436 in
742 1375 845 1461 Epist.
862 1374 904 1439 ad
920 1376 1021 1440 Hebr.
1049 1377 1129 1442 Vide
1144 1395 1176 1443 et

131 1462 326 1548 Cyprianum
341 1485 409 1548 cap.
428 1459 485 1527 ult.
504 1461 544 1524 de
564 1462 665 1548 Orat,
685 1460 740 1524 ubi
762 1482 862 1537 mane,
884 1471 914 1526 et
935 1465 1092 1527 recedente
1113 1466 1176 1530 sole

129 1551 302 1612 necessaria
325 1549 481 1612 arandum
504 1549 560 1611 ait.
588 1549 788 1611 Musarum.
834 1547 1002 1633 Respicere
1026 1549 1176 1615 hocloco

131 1633 363 1698 Tertullianum
379 1633 419 1698 ad
435 1633 563 1697 usitatas
578 1632 767 1720 hymnorum
783 1633 945 1713 formulas,
958 1657 1048 1699 mane
1063 1651 1095 1700 et
1110 1661 1177 1701 ves-

129 1721 207 1807 peri,
218 1745 237 1785 a
251 1721 408 1785 veteribus
424 1719 608 1785 Christianis
621 1719 774 1796 recitatas,
787 1720 854 1784 haec
867 1721 1056 1786 Tertulliani
1067 1724 1174 1802 verba,

129 1808 223 1872 modo
238 1807 299 1871 sint
313 1831 385 1872 cum
403 1806 597 1894 Cyprianicis
615 1803 736 1884 mllata,
752 1806 829 1870 mihi
844 1807 1013 1872 etiamnum
1030 1809 1176 1875 videntur

130 1894 351 1971 demonstrare,
368 1894 449 1958 sicut
460 1895 527 1981 jam
541 1892 614 1956 olim
631 1891 696 1956 dixi
712 1892 753 1956 ad
768 1895 938 1980 Hymnum
960 1897 1175 1982 Vespertinum

129 1980 160 2043 in
176 1981 237 2044 vol.
252 1982 322 2045 III.
334 1981 512 2068 Reliquias.
529 1981 622 2044 Sucr.
647 1979 699 2043 De
718 1980 873 2044 matutino
895 1979 949 2047 illo
968 1981 1012 2046 ita
1034 1981 1176 2070 loquitur

128 2083 238 2217 {luem
257 2091 364 2154 supra,
379 2068 429 2216 apl
445 2069 555 2154 prima
573 2068 683 2130 saltem
702 2068 855 2145 oratione,
870 2089 934 2154 qua
947 2068 1045 2132 huam
1060 2071 1174 2158 ingre-

150 2178 245 2220 amur.
288 2205 295 2219 .
313 2173 383 2234 114.
415 2201 422 2216 .
458 2201 465 2216 .

173 2177 305 2306 Ibidpl.
321 2261 354 2322 4.
388 2173 454 2304 Sed
475 2254 508 2303 et
536 2238 641 2303 cibum
671 2261 733 2302 non
764 2237 853 2325 prius
882 2241 1017 2325 sumere]
1044 2239 1173 2304 Tertul-

128 2325 229 2392 lianus
242 2327 443 2414 Apologetica
463 2348 531 2412 cap.
550 2345 601 2410 39.
622 2326 700 2389 Nan
720 2327 816 2412 prius
838 2326 1057 2405 discumbitur,
1080 2349 1175 2414 prum

127 2417 230 2478 oratio
244 2415 287 2476 ad
299 2414 404 2476 Deum
414 2421 648 2510 pregustetur.

166 2499 279 2564 Ibidl.
294 2520 342 2564 10.
354 2498 478 2577 Vidisti,
489 2497 604 2584 inquit,
614 2497 755 2575 fratrem,
767 2496 873 2561 vidisti
883 2497 1057 2561 Dominum
1068 2514 1172 2564 tuum:

129 2586 263 2651 maxime
276 2585 441 2665 advenam,
456 2608 492 2649 ac
510 2583 641 2671 angelus
660 2582 741 2646 forte
760 2583 814 2668 sit]
835 2586 917 2648 Haec
935 2608 953 2648 e
973 2584 1066 2648 sacris
1081 2584 1176 2672 scrip-

129 2672 207 2736 turis
218 2671 303 2737 citari
317 2672 476 2736 videntur:
493 2670 681 2735 locum'vero
692 2669 823 2733 innuere
834 2669 948 2735 nescio.
972 2670 1064 2748 Quod
1076 2684 1173 2758 patet,

128 2759 252 2844 respicit
267 2759 308 2824 ad
322 2783 391 2846 cap.
403 2757 469 2823 xiii.
485 2780 518 2821 11.
535 2757 670 2844 aEpist.
690 2755 731 2819 ad
753 2756 919 2834 Hebraeos,
941 2755 996 2821 ubi
1015 2757 1175 2843 apostolus

128 2844 370 2932 hospitalitatem
391 2844 612 2910 commendans
633 2843 688 2917 ait,
710 2842 868 2906 interdum
891 2842 1018 2929 angelos
1041 2844 1175 2931 hospitio

129 2932 235 3019 recipi.
271 2934 352 2996 Sunt
366 2932 434 3019 ejus
449 2931 564 2995 verba:
580 2931 628 2994 Et
646 2930 890 3016 hospitalitatem
909 2930 1005 2994 nolite
1020 2931 1174 3011 oblivisci,

126 3039 186 3103 per
204 3019 285 3081 lanc
304 3020 387 3082 enim
406 3017 600 3099 latuerunt(
629 3017 793 3079 lacuerrmt
812 3015 930 3081 habent
948 3015 1013 3096 alii)
1034 3019 1173 3104 quidam,

128 3106 252 3191 angelis
267 3105 321 3168 lios
343 3107 400 3169 itio
415 3106 557 3190 receptis.
597 3041 720 3167 illudit
739 3117 843 3166 autem
859 3102 900 3166 ad
920 3103 1057 3189 angelos,
1072 3104 1127 3189 qui
1142 3128 1174 3169 se

128 3190 266 3277 hospites
280 3129 465 3255 Ahiahamo
480 3205 511 3254 et
527 3192 592 3254 Lot
605 3188 799 3253 obtulerunt.
843 3188 929 3252 Hinc
945 3191 977 3252 S.
990 3189 1174 3255 Ambrosius

128 3276 159 3339 in
171 3277 224 3342 lib.
239 3278 278 3341 de
291 3277 459 3342 Abraham.
476 3300 544 3363 cap.
557 3295 590 3360 5.
608 3276 687 3350 Quei
701 3276 774 3350 scis,
789 3274 903 3361 inquit,
919 3296 962 3337 nn
977 3276 1082 3338 Deum
1102 3298 1174 3341 sus-

127 3366 239 3451 cipias,
254 3387 344 3452 prem
358 3365 509 3451 hospitem
520 3365 644 3450 putas?
666 3361 828 3424 Abraham
842 3361 918 3424 dum
930 3364 1175 3447 peregrinanti-

127 3452 184 3515 bus
210 3451 311 3536 defiet
335 3451 517 3537 hospitium,
543 3451 649 3512 Deum
673 3456 766 3534 utque
789 3448 921 3535 angelis
943 3449 1011 3532 rp'us
1037 3451 1175 3536 suscepit

127 3538 270 3624 hospitio.
303 3538 457 3611 Quamvis
471 3546 501 3599 et
515 3557 611 3623 quum
626 3534 664 3597 lio
702 3535 775 3597 item
790 3534 936 3620 suscipis,
952 3534 1057 3598 Deum
1072 3537 1173 3599 susci·

120 3625 178 3708 pis
194 3627 249 3690 dic.
287 3623 377 3687 Idem
399 3622 439 3686 ab
457 3646 495 3686 eo
513 3557 738 3720 repetituriiib.
755 3620 805 3683 ΙΙ.
826 3643 894 3706 cap.
911 3639 963 3686 21.
984 3620 1024 3683 dc
1044 3620 1171 3686 Officiis.

128 3711 176 3773 At
197 3710 229 3773 in
244 3709 347 3774 verbis
370 3707 559 3773 Tertulliani
579 3705 697 3793 aliquid
716 3705 846 3770 fortasse
865 3704 1069 3770 desideratur.
1093 3710 1173 3773 Mu-

129 3817 264 3859 aarum.
289 3796 407 3861 Confer
421 3809 453 3858 et
466 3797 566 3860 Mart.
578 3816 607 3856 x.
619 3813 673 3874 40.
706 3791 767 3858 Sed
783 3792 834 3857 hic
847 3792 951 3856 afferri
965 3808 1074 3858 auctor
1088 3795 1174 3881 quis-

127 3881 211 3967 piam
226 3882 360 3948 videtur.
406 3883 472 3945 Pro
486 3904 560 3944 voce
579 3879 684 3944 autem
701 3880 857 3943 aduenam
876 3878 1074 3943 scribendum
1094 3898 1174 3968 puto

127 3969 266 4046 adverte,
283 3982 319 4032 ut
333 3968 467 4055 legatur,
483 3969 620 4030 munima
633 3964 772 4044 adverte,
786 3987 826 4028 ne
838 3966 1070 4052 angelusforte
1082 3969 1137 4033 sit.

172 4054 256 4119 Ibid.
281 4054 303 4117 l.
318 4073 368 4118 12.
393 4054 456 4119 Sed
470 4076 526 4118 nec
540 4052 606 4140 ipse
620 4075 640 4116 a
653 4052 805 4116 fratribus
823 4050 952 4115 exemtis
969 4051 1074 4137 priora
1092 4052 1174 4118 fece-

127 4141 168 4204 rit
184 4142 254 4224 &c.]
269 4139 353 4204 Mihi
367 4141 493 4226 quidem
509 4137 676 4227 legendum
691 4137 828 4215 videtur,
840 4138 895 4202 sed
908 4159 964 4202 nee
977 4140 1045 4224 ipse
1058 4159 1080 4201 a
1088 4141 1173 4224 fra-

128 4228 230 4291 tribus
252 4242 400 4312 exceptus
415 4229 533 4314 pniaru
554 4225 673 4291 feceris.
703 4219 800 4290 'Mox
823 4222 933 4287 melius
954 4223 1036 4288 foret
1053 4225 1174 4291 indicu-

127 4315 225 4393 bitur,
240 4335 336 4401 quam
340 4313 553 4399 judicabitur.

622 4418 680 4482 Nl
