2678 4830
303 326 543 391 EPISTOLA
566 327 634 390 AD
659 328 689 391 S.
707 327 1013 391 CYPRIANUM.
1117 327 1181 389 223

135 497 289 571 chielem
308 515 345 572 et
361 497 566 583 Danielem,
578 498 790 596 posteriores
807 511 923 588 aetate,
941 496 984 570 ad
1004 496 1183 570 unanimi-

134 613 218 686 tatis
236 615 422 687 vinculum
441 614 554 686 virtus
572 613 693 686 divina
712 613 925 710 conjunxit;
954 626 994 685 ut
1017 611 1182 709 quamvis

135 730 360 828 temporibus
377 730 500 827 ¹longis
525 729 667 801 discreti
694 741 823 815 essent,
840 727 965 800 eadem
991 743 1112 800 tamen
1131 726 1185 799 di-

135 847 219 918 vina
242 847 475 945 inspiratione
496 846 680 918 sentirent.
733 843 840 926 Quod
859 857 896 916 et
913 870 1010 916 nunc
1028 842 1064 914 in
1082 842 1184 915 vobis

108 988 124 1048 5
138 961 468 1051 animadvertimus,
482 975 522 1035 ut
539 961 602 1060 qui
620 960 839 1057 longissimis
857 959 1068 1056 regionibus>
1082 985 1102 1030 a
1119 985 1185 1030 no·

136 1078 191 1149 bis
216 1077 366 1176 separati
394 1078 491 1165 estis,
509 1105 615 1150 sensu
638 1090 759 1149 tamen
785 1089 822 1148 et
846 1076 972 1175 spiritu
997 1075 1183 1174 copulatos

135 1218 198 1264 vos
217 1218 294 1265 esse
311 1192 501 1264 nobiscum
528 1192 736 1290 proberetis.
790 1190 897 1273 Quod
915 1205 1033 1264 totum
1053 1190 1123 1263 hoc
1141 1191 1184 1262 fit

136 1308 257 1380 divina
287 1308 436 1380 unitate.
486 1307 584 1379 Nam
619 1333 701 1379 cum
734 1306 918 1380 Dominus
950 1332 1042 1379 unus
1073 1318 1182 1402 atque

136 1422 234 1495 idem
256 1423 302 1495 sit
327 1424 389 1521 qui
417 1423 558 1496 habitat
583 1423 619 1496 in
644 1423 761 1511 nobis,
778 1421 965 1520 conjungit
989 1422 1124 1519 ubique
1147 1435 1184 1494 et

91 1539 285 1637 rocopulat
309 1564 391 1611 suos
414 1538 561 1610 vinculo
584 1538 744 1612 unitatis.
796 1536 905 1611 Unde
923 1537 961 1611 in
980 1537 1338 1619 universamPsxviii.4

136 1667 266 1726 terram
298 1654 410 1725 exivit
439 1681 547 1727 sonus
578 1680 714 1739 eorum,
745 1653 808 1750 qui
838 1680 858 1725 a
888 1652 1051 1725 Domino
1084 1652 1183 1725 missi

137 1783 232 1860 sunt,
258 1769 406 1843 unitatis
437 1769 563 1868 spiritu
588 1769 758 1842 velociter
786 1782 979 1842 currentes.
1032 1768 1134 1840 Sicut
1164 1794 1184 1841 e

137 1886 315 1960 contrario
333 1885 422 1958 nibil
449 1884 595 1983 prodest
615 1885 756 1981 aliquos
781 1884 964 1983 proximos
982 1897 1019 1956 et
1034 1885 1183 1981 junctos

137 2005 205 2077 sibi
228 2031 304 2076 esse
326 2003 547 2102 corporibus,
566 2001 593 2073 si
619 2000 741 2073 animo
759 2012 796 2071 et
819 2013 942 2072 mente
964 1999 1183 2086 dissideant;

91 2152 124 2210 15
136 2120 281 2219 quando
299 2120 445 2193 adunari
469 2119 598 2192 animae
616 2116 765 2189 omnino
783 2142 855 2188 non
874 2117 1027 2214 possint,
1044 2143 1127 2214 quae
1146 2144 1183 2190 se

137 2264 158 2309 a
183 2236 256 2309 Dei
289 2237 426 2309 unitate
453 2232 663 2307 diviserint:
697 2231 796 2304 Ecce
821 2233 934 2322 enim,
964 2232 1095 2329 inquit,
1121 2233 1183 2329 qui
1193 2250 1233 2298 ra
1245 2249 1314 2299 lxxii.

136 2353 379 2450 longinquant
396 2379 433 2424 se
451 2353 514 2423 abs
533 2368 579 2440 te,
596 2347 789 2447 peribunt:
815 2346 876 2419 sed
896 2348 983 2419 tales
999 2347 1183 2443 judicium
1193 2313 1232 2362 ’ἁ

138 2466 292 2539 Domini
313 2493 378 2564 pro
402 2466 531 2537 merito
555 2491 620 2536 suo
644 2463 830 2552 subibunt,
847 2461 1053 2535 recedentes
1072 2491 1093 2536 a
1109 2490 1186 2535 ver-

141 2581 194 2653 bis
212 2581 288 2677 ejus
307 2582 368 2678 qui
388 2582 529 2653 Patrem
549 2606 614 2678 pro
633 2578 769 2651 unitate
787 2577 1010 2676 deprecatur,
1024 2592 1061 2652 et
1079 2579 1327 2657 dicuntum

91 2723 128 2760 20
140 2698 244 2770 Pater
261 2696 307 2769 da
323 2712 365 2769 ut
383 2694 566 2792 quomodo
584 2722 651 2793 ego
669 2710 706 2766 et
729 2708 769 2767 tu
791 2720 905 2768 unum
928 2721 1065 2787 sumus,
1082 2695 1133 2768 sic
1150 2712 1186 2768 et

140 2812 176 2883 hi
196 2813 233 2883 in
251 2811 356 2883 nobis
375 2835 489 2881 unum
508 2809 593 2882 sint.

189 2927 260 2999 Ill.
286 2926 366 2998 Nos
383 2952 466 2997 vero
491 2952 534 2998 ea
556 2952 636 3022 quae
657 2928 796 3001 avobis
818 2929 949 3028 scripta
969 2942 1064 3019 sunt,
1082 2930 1184 3026 quasi

139 3056 260 3116 nostra
285 3041 428 3140 propria
455 3041 684 3140 suscipimus,
710 3071 776 3118 nec
802 3046 839 3118 in
866 3059 1072 3118 transcursu
1097 3046 1185 3145 legi-

140 3185 232 3245 mus,
250 3157 310 3229 sed
330 3183 424 3254 saepe
442 3158 593 3256 repetita
611 3160 793 3233 memoriae
812 3161 1045 3233 mandamus:
1065 3188 1184 3259 neque
1292 3232 1295 3240 .

91 3306 105 3343 2
110 3301 126 3361 5
139 3278 240 3346 obest
263 3272 409 3345 utilitati
432 3273 589 3363 salutari,
611 3286 674 3345 aut
697 3274 822 3346 eadem
847 3288 1006 3348 retexere
1032 3275 1075 3348 ad
1100 3303 1186 3350 con-

140 3389 352 3462 firmandam
371 3388 571 3478 veritatem,
590 3403 652 3462 aut
669 3403 706 3462 et
726 3390 894 3485 quaedam
912 3390 1041 3464 addere
1059 3391 1103 3464 ad
1123 3419 1185 3466 cu-

139 3505 349 3578 mulandam
381 3505 644 3604 probationem.
695 3506 733 3578 Si
764 3505 851 3601 quid
882 3520 1004 3580 autem
1033 3509 1184 3582 anobis

139 3621 301 3694 additum
320 3619 439 3709 fuerit,
455 3648 527 3693 non
544 3621 595 3693 sie
612 3620 755 3694 additur
771 3622 872 3718 quasi
891 3650 911 3695 a
927 3623 1030 3697 vobis
1048 3624 1183 3722 aliquid

139 3738 260 3810 minus
283 3736 421 3810 dictum
446 3737 515 3822 sit;
544 3736 793 3835 sedquoniam
820 3763 938 3810 sermo
955 3737 1096 3811 divinus
1116 3740 1184 3812 hu-

89 3884 128 3939 30
140 3879 285 3925 manam
309 3866 473 3926 naturam
496 3852 774 3952 supergreditur,
791 3879 857 3924 nec
875 3866 995 3951 potest
1011 3867 1128 3926 totum
1147 3870 1184 3926 et

138 3968 335 4066 perfectum
360 3969 481 4041 anima
506 3970 705 4069 concipere.
756 3968 897 4043 Idcirco
921 3983 959 4043 et
983 3983 1104 4042 tantus
1130 3983 1185 4042 est

138 4108 309 4154 numerus
330 4083 600 4181 prophetarum,
619 4101 660 4158 ut
684 4086 877 4184 multiplex
898 4085 1021 4159 divina
1044 4086 1185 4185 sapien-

137 4198 188 4270 tia
205 4197 420 4295 permultos
438 4197 682 4275 distribuatur.
734 4202 844 4276 Unde
861 4216 898 4276 et
922 4216 1038 4277 tacere
1058 4202 1184 4301 praeci-
1191 4217 1273 4344 ἐοῦσι.
1285 4217 1335 4267 xiv.
