2678 4830
254 180 291 259 a

125 317 188 382 ua
454 312 832 376 nnuo'rn'rronas

168 488 204 550 P.
220 503 289 547 110.
307 482 328 547 l.
340 488 391 550 26.
407 482 551 548 mulieres
561 506 669 547 rueme
683 500 748 549 tam
762 483 904 560 seminas,
913 482 947 547 id
959 498 1011 548 est
1021 491 1187 567 γυναῖκας,

123 594 219 636 (uam
234 574 367 657 θηλείας]
389 574 491 644 Quam
499 573 659 657 stainos,
674 570 707 634 id
722 585 779 648 est,
796 571 1013 657 potiusquam
1031 570 1184 637 seminas.

125 598 184 723 dat
204 655 328 741 elegans
346 656 377 719 in
399 657 539 721 Hebraeo
553 678 693 721 sermone
708 656 831 721 dicendi
846 656 993 734 formula,
1010 671 1047 722 et
1061 658 1137 723 aliis
1152 660 1184 723 in

124 743 231 810 loaisa
246 741 444 808 Tertulliano
459 766 516 807 usu
577 758 619 806 ta.
643 745 848 808 Musarum.
884 743 1023 809 Videtur
1038 743 1091 809 vir
1106 745 1184 811 doo-

125 830 260 895 tissimus
287 829 334 895 vel
360 828 481 917 legisse,
505 853 542 894 ve
579 829 681 929 legere
706 828 851 909 voluisse,
879 851 975 918 qrcarn
1030 853 1069 895 ro
1099 842 1181 896 mm.

125 920 219 982 Certe
239 917 271 981 in
291 915 494 1005 scriptoribus
514 917 645 989 Graecrs,
663 939 835 1003 eorumque
854 852 1079 997 imitatoriKua,
1104 918 1181 1018 plu-

124 1004 203 1068 rima
217 1002 360 1091 exempla
381 1003 477 1091 hujus
498 1001 643 1067 idiotismi
667 1018 784 1067 extant.
816 1005 863 1067 At
878 1002 1001 1067 diversa
1014 1005 1178 1083 nonnihil,

123 1089 210 1155 haud
232 1104 334 1155 tamen
354 1088 404 1153 hia
423 1088 586 1163 contraria,
604 1088 821 1154 Tertullianus
835 1089 939 1176 posuit
955 1091 988 1153 in
1003 1088 1060 1155 lib.
1078 1092 1179 1157 modo

124 1176 295 1256 nominato,
314 1177 352 1241 de
371 1176 555 1263 Virginibus
576 1177 719 1240 Velandis
742 1199 811 1326 cap.
825 1194 858 1262 5.
889 1177 979 1240 Nona
997 1186 1028 1241 ct
1049 1178 1178 1258 Graect',

124 1266 180 1351 qui
201 1266 309 1352 magis
331 1263 479 1327 avocabulo
500 1263 642 1326 mulieris
659 1264 778 1346 (γυναικ
798 1265 825 1346 ς)
841 1264 877 1325 in
900 1286 998 1327 uxore
1018 1272 1176 1345 utuntur,

124 1351 193 1414 alia
207 1351 321 1415 habent
333 1351 468 1437 propria
484 1349 632 1413 vocamda
647 1350 767 1413 arnum.
783 1371 852 1452 cap.
864 1364 895 1434 5.
933 1348 1050 1413 Itidem
1067 1350 1102 1414 in
1118 1350 1176 1417 lib.

124 1434 162 1500 de
176 1438 397 1526 Monogamia.
421 1436 522 1499 Penes
533 1437 657 1501 Grecos
671 1457 827 1500 commeant
842 1437 988 1500 vmadula
1001 1447 1178 1503 censentur

124 1524 271 1587 mulieres
285 1532 314 1587 et
328 1544 452 1585 urerer.
468 1545 538 1620 cap.
552 1522 580 1583 8.

168 1607 253 1673 Ibid.
270 1608 289 1671 l.
328 1629 354 1671 1.
377 1606 583 1695 contingitur]
601 1607 732 1695 Corrige
746 1609 932 1672 continetur.

168 1695 207 1759 P.
224 1627 378 1779 1‚11.l.3.
401 1693 480 1758 sicut
500 1717 556 1757 nec
572 1694 618 1756 vir
637 1716 691 1757 nec
707 1693 846 1782 velandi]
865 1696 999 1793 Propter
1011 1695 1115 1760 verba
1130 1720 1179 1762 ses

124 1781 253 1930 qu'pptia
274 1779 442 1867 legendum
461 1779 597 1858 videtur,
616 1782 699 1844 sicta
719 1802 774 1844 nce
796 1782 859 1858 vir,
879 1802 934 1845 nec
955 1781 1098 1862 investis,
1122 1805 1177 1848 ve-

125 1870 158 1931 lo
202 1869 225 1930 i.

167 1952 251 2018 Ibid.
274 1952 296 2018 l.
316 1973 364 2039 15.
387 1966 419 2017 et
442 1950 610 2039 virginitati
632 1950 796 2017 defunctas
817 1952 1090 2052 concupiscentiae]
1112 1956 1177 2022 Ait

125 2040 332 2117 Muratorius,
343 2039 395 2104 hic
409 2039 466 2104 sibi
483 2037 611 2103 verbnm
626 2037 752 2125 aliquod
764 2038 932 2104 desiderum
943 2040 1053 2115 videri,
1065 2043 1178 2131 eujus-

124 2127 209 2191 modi
233 2141 312 2191 esset
335 2129 429 2215 ignes
451 2128 599 2202 candore,
621 2142 677 2190 aut
699 2126 776 2212 quid
799 2125 906 2190 simile.
953 2127 1015 2191 Sed
1037 2128 1176 2195 fortasse

124 2212 303 2300 legendum,
326 2223 356 2278 et
379 2212 557 2300 virginitate
579 2213 745 2297 dfiaactas
769 2215 1025 2300 concupiscentie
1047 2215 1174 2282 fuisse?

123 2301 252 2453 Μαὶηο
265 2301 509 2386 dcaiderinfuit,
523 2298 555 2362 id
573 2298 799 2363 Terentianum
813 2314 868 2363 est.

209 2387 250 2452 id.
267 2386 289 2451 l.
309 2389 358 2451 18.
382 2387 468 2474 quod
486 2409 547 2450 non
568 2385 703 2472 virgines
722 2384 801 2448 solas
818 2385 1043 2472 concupierint]
1063 2390 1175 2454 Parti-

122 2473 193 2538 cula
207 2497 281 2552 non,
298 2491 334 2539 ut
349 2489 432 2538 recte
447 2472 556 2538 statuit
574 2471 782 2547 Mandonius,
799 2471 931 2537 delenda
947 2472 996 2537 hic
1011 2489 1066 2537 est.
1105 2479 1173 2543 At-

123 2575 226 2624 tamen
243 2561 302 2624 sub
311 2561 463 2647 filiarum
484 2561 644 2624 dominum
663 2558 755 2623 titulo
769 2559 989 2646 comprehendi
1004 2584 1023 2624 a
1039 2564 1174 2628 Tertul-

122 2646 205 2710 liano
219 2646 339 2725 viduaa
354 2647 448 2710 verba
463 2669 535 2709 mox
551 2645 711 2744 sequentia
725 2646 904 2710 ostendunt.
943 2646 1047 2711 Aliter
1061 2665 1172 2716 autem

123 2754 187 2796 rem
203 2732 313 2797 statuit
326 2747 435 2796 auctor
448 2732 514 2818 ipse
533 2733 564 2795 in
586 2733 665 2795 lrbro
679 2734 717 2795 da
737 2734 925 2819 Virginibus
945 2735 1089 2799 Velandis
1099 2737 1171 2822 jam

122 2841 205 2907 soepe
224 2817 328 2895 allato,
348 2817 403 2881 ubi
422 2818 476 2893 ait,
490 2841 560 2881 cunt
580 2841 659 2905 erga
677 2818 760 2881 lilius
779 2818 939 2883 hominum
960 2823 1047 2896 elicit,
1062 2828 1172 2888 mani-

108 2906 200 2987 feste
222 2906 367 2992 virgines
383 2904 559 2990 portendit,
580 2928 650 2992 qtae
666 2905 769 2967 adletae
788 2907 876 2992 apud
895 2917 1045 2994 parentes
1067 2909 1171 2997 dapu-

122 2999 279 3054 tarcntnr.
295 3013 364 3076 cap.
377 3006 408 3073 7.
1143 2997 1147 3015 ¹

166 3076 251 3142 Ibid.
267 3077 288 3142 l.
302 3094 351 3164 25.
376 3078 490 3164 Itaque
506 3078 628 3161 vacant]
649 3077 701 3139 Ita
715 3076 789 3163 quia
804 3089 929 3157 vacam,
945 3080 1170 3168 corrigendum

122 3177 179 3242 est,
194 3180 230 3229 ut
246 3188 352 3252 supra,
368 3187 401 3252 p.
420 3183 488 3227 110.
505 3162 527 3225 l.
542 3164 570 3225 8.

165 3253 203 3316 P.
223 3270 293 3317 112.
320 3251 340 3317 l.
361 3271 393 3338 5.
422 3249 595 3337 virginibus
620 3272 747 3337 quoque
772 3250 911 3339 injiciens
937 3253 1164 3341 velamentum]

122 3339 204 3402 Haec
217 3362 288 3402 cum
305 3338 516 3427 superioribus
531 3337 689 3424 conjunxi,
708 3353 878 3425 contraque
892 3339 1023 3405 verbum
1042 3362 1169 3406 cucuse-

122 3432 177 3487 iur
191 3448 262 3489 cum
283 3426 504 3512 sequentibus;
528 3425 585 3488 etsi
607 3423 696 3488 aliter
715 3424 883 3512 dispositus
902 3425 952 3490 hic
970 3427 1057 3492 locus
1071 3443 1119 3492 est
1134 3428 1166 3492 in

122 3508 212 3575 editt.
229 3511 447 3576 Muratoriana
460 3525 556 3597 atque
571 3510 714 3574 Halensi.

166 3595 249 3660 Ibid.
269 3596 289 3660 l.
306 3618 337 3682 9.
361 3597 543 3680 texuerunt]
565 3597 617 3661 Sic
633 3599 707 3661 MS.
737 3595 865 3661 Mavult
882 3598 1079 3663 Muratorius
1094 3610 1166 3664 terc-

122 3692 226 3747 erunt.

166 3767 252 3833 Ibid.
275 3767 295 3832 l.
321 3789 370 3832 10.
402 3769 481 3833 sieut
504 3784 636 3847 naturae,
659 3769 703 3834 ita
727 3782 758 3833 et
780 3771 949 3858 disciplinae
972 3771 1066 3836 debet
1089 3787 1167 3838 aetas

122 3878 187 3920 esse
208 3855 369 3940 munifica]
387 3858 442 3919 An
461 3854 658 3920 scribendum
673 3859 793 3921 naturd
807 3872 839 3921 et
852 3858 1046 3944 disciplind?
1069 3860 1166 3938 Quod

121 3941 162 4006 ad
176 3965 284 4007 vocem
298 3943 448 4028 manaifica
462 3941 584 4024 attinet,
599 3943 742 4007 Isidorus
755 3942 809 4007 lib.
828 3944 875 4006 X.
894 3946 989 4032 Orig.
1005 3969 1023 4009 a
1039 3946 1165 4010 Porcel-

65 4088 68 4092 .
121 4027 185 4095 lino
198 4029 230 4093 in
246 4030 434 4093 Latinitatis
444 4029 559 4094 Lenico
573 4030 729 4094 adductus
743 4029 776 4093 in
791 4052 822 4093 v.
834 4031 1021 4118 Muniflens‚
1036 4033 1095 4097 hoc
1110 4033 1165 4096 ha-

121 4115 186 4180 het.
210 4118 390 4202 Munificus
403 4116 507 4180 dictus
521 4125 577 4194 est,
592 4121 667 4205 quia
681 4138 816 4181 munera
830 4118 930 4182 multa
945 4119 1012 4194 dat,
1026 4121 1075 4183 vel
1087 4122 1164 4206 quia

121 4224 238 4268 meatus
250 4223 359 4291 suum*
368 4203 405 4288 id
419 4211 465 4268 eat
477 4204 622 4290 efficium,
637 4204 719 4292 quad
731 4203 827 4280 debu,
842 4204 1002 4292 adimplet.
1030 4205 1164 4270 Videtur

121 4309 197 4376 ergo
215 4287 403 4358 Tertulliani
425 4288 510 4355 locus
526 4290 585 4356 hoc
607 4291 799 4378 significum
824 4306 861 4355 ut
881 4290 950 4378 lege
971 4306 1102 4372 naturae,
1119 4291 1163 4357 ita
