2678 4830
449 318 514 380 DE
537 316 911 380 MORTALITATE.
1140 321 1201 387 271

160 489 302 580 sit,·sed
330 487 444 587 magis
470 487 593 559 Deum
621 487 794 586 patientia
823 488 957 584 majore
982 491 1202 588 promeruit;

159 633 268 704 quem
286 602 518 704 postmodum
537 603 703 701 Raphael
722 605 869 700 angelus
894 604 1073 678 collaudat
1091 619 1127 679 et
1150 607 1205 681 di·

160 722 229 795 cit:
254 721 376 817 Opera
389 719 463 796 Dei
478 718 643 792 revelare
656 728 692 791 et
709 717 873 818 confiteri
887 719 1126 820 lionorp‘lcam
1140 732 1203 795 est.
1214 746 1274 798 Tob.
1285 748 1328 798 xii.

159 834 259 908 Nam
277 836 420 934 qnando
436 835 567 907 orabas
584 844 625 906 ta
644 844 678 907 et
696 834 816 909 Sarra
833 862 949 909 naras
965 847 1043 924 tao,
1062 863 1127 938 ego
1145 839 1205 910 ob-

131 951 229 1031 stali
251 951 462 1024 memoriam
485 951 661 1023 orationis
683 961 809 1024 vestrm
830 953 870 1024 in
887 963 1077 1050 conspecta
1096 953 1205 1027 elari-

159 1066 249 1139 tatis
265 1066 351 1139 Dei.
379 1067 433 1139 Et
451 1092 530 1139 eant
546 1065 718 1163 sepelires
736 1076 777 1139 ta
793 1078 955 1140 mortuos
977 1067 1203 1165 simpliciter,

160 1193 196 1255 et
212 1184 300 1282 qaia
323 1209 394 1255 non
418 1209 455 1255 es
477 1192 667 1255 cunctatas
689 1207 885 1282 exsurgere
903 1193 938 1256 et
955 1183 1205 1282 derelinquere

153 1299 356 1396 prandiam
382 1308 496 1388 taam,
522 1307 558 1370 et
583 1298 702 1383 abisti,
731 1308 767 1371 et
796 1299 987 1371 condidisti
1012 1311 1204 1392 mortuam,

159 1416 291 1488 missas
315 1440 394 1487 sam
421 1423 564 1486 tentare
593 1424 639 1503 te,
667 1415 862 1487 etiterum
891 1441 948 1488 me
972 1415 1072 1489 misit
1097 1417 1205 1490 Dens

114 1557 292 1605 10oarare
314 1542 350 1604 te
374 1541 409 1603 et
430 1529 586 1603 Sarrom
609 1556 743 1602 naram
764 1540 875 1603 taam.
910 1531 995 1630 Ego
1014 1533 1106 1605 enim
1123 1559 1204 1606 sam

159 1646 334 1743 Raplael
348 1672 442 1721 anas
460 1672 503 1719 ea
518 1655 655 1742 septem
673 1646 816 1745 angelis
832 1648 969 1720 sanctis
985 1649 1048 1745 qai
1065 1650 1204 1722 assisti-

159 1787 239 1835 mas
257 1773 293 1835 et
311 1787 564 1836 conversamur
582 1773 666 1835 ante
683 1761 888 1836 claritatem
905 1762 995 1836 Dei.

207 1880 295 1953 VII.
321 1880 431 1954 Hanc
457 1880 683 1952 tolerantiam
704 1879 795 1975 justi
822 1907 963 1978 semper
989 1881 1204 1972 habuerunt,

158 1997 253 2070 hanc
283 1996 434 2096 apostoli
469 1995 699 2095 disciplinam
732 1997 777 2070 de
806 1997 959 2070 Domini
989 2000 1070 2096 lege
1100 2010 1205 2071 tenu·

114 2126 273 2203 nerunt,
291 2140 362 2185 non
387 2113 575 2186 mussitare
600 2112 637 2185 in
662 2112 827 2203 adversis,
846 2113 907 2185 sed
925 2140 1149 2211 quaeounque
1165 2114 1204 2185 in

159 2230 290 2302 saeculo
308 2228 477 2301 accidunt
495 2227 635 2299 fortiter
653 2239 689 2299 et
712 2228 890 2326 patienter
912 2227 1092 2326 accipere;
1120 2254 1204 2301 cum

156 2345 369 2418 Judaeorum
386 2344 543 2443 populus
562 2343 648 2415 hinc
666 2369 807 2440 semper
823 2342 1008 2416 offenderit
1025 2343 1122 2441 quod
1143 2343 1205 2415 ad·

158 2486 279 2532 versus
306 2461 427 2533 Deum
455 2458 676 2557 frequentius
703 2471 952 2547 murmuraret,
978 2458 1071 2531 sieut
1096 2470 1205 2531 testa·

158 2587 217 2648 tur
246 2576 284 2648 in
313 2574 484 2648 Numeris
517 2574 703 2648 Dominus
732 2574 835 2647 Deus
867 2574 1010 2648 dicens:
1041 2575 1338 2649 DesinatNum.xx.

111 2693 399 2766 romarmarotio
423 2717 547 2764 eoram
565 2717 588 2763 a
605 2715 672 2775 me,
691 2700 727 2762 et
743 2716 816 2763 nom
837 2691 1048 2764 morientur.
1100 2691 1204 2764 Mur-

158 2807 376 2881 mutandum
401 2833 474 2879 non
497 2818 551 2880 est
575 2807 613 2879 in
636 2804 803 2894 adversis,
819 2806 944 2879 fratres
967 2805 1203 2898 dilectissimi,

158 2922 219 2994 sed
236 2923 415 3020 patienter
430 2935 468 2996 et
484 2923 622 2996 fortiter
639 2921 810 3021 quicquid
835 2922 1003 2996 acciderit
1026 2923 1203 2997 sustinen-

158 3038 258 3129 dum,
288 3066 373 3112 cum
403 3039 576 3138 scriptum
610 3038 666 3129 sit,
690 3037 920 3138 Saerfficiam
942 3039 1304 3138 Deospiritasssu.1.

159 3153 430 3241 contribulatas,
459 3181 520 3228 cor
549 3156 743 3228 contritam
772 3164 807 3228 et
836 3154 1069 3228 humiliatam
1094 3155 1217 3229 Dens-

111 3296 146 3354 25
157 3298 229 3344 non
245 3272 408 3369 despicit.
460 3273 505 3345 In
528 3271 814 3344 Deuteronomio
831 3297 975 3369 quoque
992 3284 1119 3344 monet
1139 3299 1208 3372 per.

157 3387 314 3485 Moysen
339 3387 493 3485 Spiritus
516 3388 668 3460 Sanctus
693 3398 730 3458 et
755 3384 863 3458 dicit:
887 3385 1071 3460 Dominus
1095 3386 1331 3463 Deasneusin.

158 3512 243 3575 tans
258 3505 403 3576 aasabit
420 3514 466 3593 te,
485 3514 520 3576 et
528 3499 676 3602 famem
700 3501 841 3602 injiciet
865 3502 942 3592 tibi,
960 3512 996 3575 et
1015 3526 1203 3602 cognosce-

157 3628 219 3691 tar
242 3621 281 3692 in
307 3620 413 3693 corde
435 3629 496 3692 tao
513 3620 547 3691 si
567 3620 654 3691 bene
678 3618 892 3692 custodieris
909 3629 1094 3716 precepta
1112 3619 1201 3720 ejas,

157 3735 232 3808 siae
258 3763 337 3809 non.
382 3736 433 3809 Et
458 3736 612 3809 iterum:
644 3735 776 3808 Tentat
800 3760 861 3809 aos
886 3735 1069 3810 Dominus
1094 3736 1284 3813 Deasneut.

109 3861 287 3944 30aester,
300 3862 343 3925 at
354 3853 492 3925 sciatsi
508 3851 665 3951 diligitis
678 3851 880 3925 Dominam
894 3852 1021 3925 Deam
1037 3866 1199 3927 vestram

159 3994 202 4042 ea
225 3978 297 4041 toto
322 3970 564 4042 cordavestra
588 3979 623 4041 et
646 3993 689 4041 ea
714 3978 792 4041 tota
817 3969 940 4041 anima
963 3980 1096 4043 vestra.
1139 3970 1334 4048 Siculus

156 4084 340 4157 Abraham
371 4086 454 4158 Deo
483 4084 631 4185 placuit,
660 4084 734 4182 qui,
760 4096 802 4157 ut
829 4084 986 4184 placeret
1015 4086 1109 4175 Deo,
1134 4112 1201 4158 nec

158 4199 323 4272 amittere
340 4202 453 4274 filium
474 4200 608 4286 timuit,
626 4227 693 4273 nec
711 4226 832 4299 gerere
848 4200 1080 4300 parricidium
1102 4227 1203 4275 recu-
