2678 4830
223 328 273 390 IN
297 328 329 389 S.
348 324 486 388 CYPR.
508 323 572 386 DE
594 322 786 387 IDOLOR.
808 323 1074 389 VANITATE.
1119 326 1184 394 319

134 496 208 560 liani
222 497 363 583 epistola,
380 516 535 582 nusquam
553 516 615 557 non
633 495 839 559 adnotaturus
853 515 934 572 sum,
951 514 1022 558 raro
1035 493 1110 560 alibi
1125 495 1184 560 lec

135 583 227 647 tionis
242 584 391 648 varietate
405 582 553 646 adducta.

181 671 220 732 P.
238 686 311 755 257.
334 668 357 732 l.
372 688 422 752 27.
445 667 519 732 inde
541 665 652 730 falcem
673 666 776 730 ferens
795 666 952 755 pingitur]
970 667 1075 755 Vulgo
1093 668 1182 732 addi-

136 769 192 819 tur
204 776 299 818 senen
313 766 384 841 post
385 756 515 840 fercns,
532 752 620 838 quod
635 753 667 816 in
683 752 757 817 edit.
773 776 830 815 sua
845 769 927 817 recte
940 754 1085 819 omiserat
1100 756 1183 819 Gro-

135 841 257 905 novius,
293 841 420 904 Primus
434 862 542 904 vocem
562 839 679 925 recepit
698 838 857 903 Pamelius
876 863 915 903 ex
937 841 1035 904 MSto
1051 842 1186 905 Cambo-

135 926 235 1003 nensi,
260 926 315 991 sed
341 926 484 989 nesciunt
509 947 577 989 eam
603 941 740 1010 quatuor
766 925 874 989 saltem
900 925 1021 990 codices
1046 927 1079 990 in
1108 926 1184 991 edit.

136 1015 241 1077 Oxon.
251 1011 391 1089 adducti,
404 1025 519 1098 praeter
531 1025 593 1074 tres
603 1011 672 1075 illos
684 1011 768 1076 Novi
781 1011 913 1098 Collegii
929 1013 1054 1090 MStos,
1066 1035 1186 1076 meum-

135 1122 198 1184 que
218 1097 356 1162 codicem
374 1098 440 1183 jam
464 1112 798 1185 supramemoratum,
820 1112 851 1161 et
873 1097 1096 1163 vetustissimas
1118 1101 1183 1186 Cy-

135 1184 237 1271 priani
252 1184 414 1249 editiones
453 1186 653 1271 Quapropter
667 1206 775 1247 vocem
813 1183 985 1247 raetermisi.

64 1348 66 1353 y
180 1273 219 1334 P.
233 1272 305 1355 258.
321 1270 341 1334 l.
356 1291 405 1334 11.
432 1272 506 1334 Hoc
520 1271 564 1333 ita
578 1293 643 1333 esse
658 1207 842 1334 Alexander
856 1271 921 1353 M.]
941 1269 1101 1368 Rigaltius
1114 1293 1186 1334 con·

138 1356 248 1433 tendit,
264 1357 331 1420 haec
346 1379 455 1420 revera
469 1356 510 1421 ad
529 1354 663 1420 alterum
678 1355 909 1435 Alexandrum,
925 1355 1072 1420 nimirum
1088 1355 1184 1455 Poly-

136 1442 285 1506 historem
299 1441 472 1530 pertinere:
487 1465 569 1591 1gum
590 1443 769 1528 conjectura
787 1441 820 1505 in
840 1456 963 1505 tantum
980 1443 1040 1529 ipsi
1055 1442 1184 1529 placmt,

138 1541 175 1593 ut
198 1543 244 1592 ter
268 1528 441 1616 ingesserit.
521 1528 647 1591 imirum
670 1527 720 1592 hic
742 1528 812 1606 loci,
834 1527 865 1590 in
889 1528 971 1592 notis
993 1529 1033 1592 ad
1058 1528 1187 1593 Tertul-

137 1614 267 1693 lianum,
291 1628 323 1678 et
347 1615 441 1679 etiam
466 1613 506 1677 ad
534 1613 721 1678 Minutium.
766 1613 899 1700 Decepti
927 1628 1016 1678 erant
1038 1615 1187 1679 nimirum

140 1700 329 1799 Cyprianus,
353 1701 586 1786 Athenagoras,
608 1699 777 1778 Minutius,
797 1700 1009 1788 Augustinus
1031 1701 1094 1765 imo
1117 1725 1187 1786 pro-

138 1786 287 1851 batissimi
308 1785 402 1851 etiam
422 1785 509 1873 apud
527 1786 667 1850 ethnicos
689 1787 864 1873 scriptores,
880 1785 936 1872 qui
957 1810 1064 1851 omnes
1083 1787 1188 1852 literas

137 1873 178 1937 ab
201 1873 387 1938 Alexandro
412 1896 528 1959 magno
554 1873 645 1937 matri
673 1872 855 1961 Olympiadi
881 1873 1011 1960 scriptas
1036 1874 1187 1953 referunt,

137 1959 169 2023 in
185 1960 301 2046 quibus
316 1982 464 2024 arcanum
485 1960 544 2023 hoc
564 1959 604 2023 de
623 1960 788 2023 numinum
804 1959 971 2038 natalibuS,
989 1975 1075 2024 metu
1089 1960 1188 2047 ipsius

137 2047 287 2132 potentiae
309 2060 467 2110 extortum
491 2045 839 2132 perhibetur.--Sed
859 2044 946 2109 litem
965 2046 1091 2110 dirimat
1112 2047 1189 2111 Plu-

138 2133 278 2211 tarchus,
290 2133 321 2196 in
337 2131 515 2195 Alexandri
530 2131 624 2194 rebus
639 2131 663 2194 si
701 2131 750 2194 uis
764 2130 844 2195 alius
860 2131 1096 2210 versatissimus,
1108 2148 1140 2197 et
1154 2134 1187 2196 in

137 2219 267 2282 historia
282 2218 369 2281 testis
383 2216 533 2303 locuples.
558 2218 592 2280 Is
606 2217 638 2281 in
654 2154 831 2280 Alexandri
845 2216 918 2280 Vita
932 2217 976 2280 ait
989 2217 1189 2301 Ἀλέξανδρος

140 2307 174 2368 ἐν
190 2307 333 2382 ἐπιστολῇ
348 2303 422 2384 πρὸς
436 2305 489 2382 τὴν
503 2302 615 2384 μητέρα
630 2304 735 2384 φησὶν,
752 2302 911 2384 γεγονέναι
925 2307 1007 2371 τινὰς
1022 2304 1099 2390 αὐτῷ
1112 2331 1187 2384 μαν-

139 2392 219 2456 τείας
233 2388 423 2470 iactation,
441 2390 475 2456 ds
490 2387 576 2454 αὐτὸς
591 2389 765 2452 ἐπανελθὼν
780 2388 892 2471 φράσει
909 2389 983 2470 πρὸς
999 2392 1094 2470 μόνην
1110 2392 1187 2456 ἐκεί·

139 2501 193 2553 νην
209 2477 264 2537 διο.
286 2475 409 2556 λέγεται
429 2477 461 2537 δὲ
484 2474 532 2538 καὶ
552 2473 711 2554 Ψάμμωνος
729 2476 762 2538 ἓν
784 2477 923 2560 Αἰγύπτῳ
940 2481 993 2538 τοῦ
1013 2477 1189 2559 φιλοσόφον

139 2562 307 2637 διακούσας,
324 2559 525 2638 ἀποδέξασθαι
538 2559 671 2639 μάλιστα
684 2566 743 2624 τῶν
757 2559 940 2644 λεχθέντων,
953 2562 998 2624 ὅτι
1012 2560 1122 2630 πάντες
1136 2564 1188 2627 άν-

140 2650 250 2728 θρωποι
268 2648 485 2725 βασιλεύονται
504 2646 561 2709 ὑπὸ
582 2650 660 2718 θεοῦ,
684 2645 718 2709 τὸ
742 2649 800 2728 γὰρ
823 2648 918 2729 ἄρχον
940 2649 974 2710 ἓν
998 2646 1113 2734 ἑκάστῳ
1139 2649 1187 2714 καὶ

138 2736 264 2814 κρατοῦν
280 2734 361 2796 θεῖόν
377 2734 452 2810 ἐστι,
469 2734 524 2796 &c
553 2732 705 2796 Furnos.
756 2733 807 2796 De
823 2731 960 2819 epistolis
975 2730 1048 2796 visis
1066 2756 1085 2797 a
1105 2733 1185 2798 Plu·

139 2817 246 2882 tarcho
260 2817 390 2904 aliisque
404 2817 562 2882 veteribus
577 2817 790 2904 scriptoribus,
806 2840 869 2882 non
891 2818 931 2882 de
949 2817 987 2883 iis
1005 2841 1078 2906 quae
1092 2820 1187 2886 hodie

137 2904 402 2968 circumferuntur
420 2902 544 2967 nomine
562 2903 739 2968 Alexandri
761 2903 928 2992 insignitae,
951 2904 1019 2970 haec
1041 2920 1073 2970 et
1094 2905 1186 2992 plura

137 2989 299 3053 adnotavit
313 2989 509 3054 doctissimus
524 2989 640 3055 Oxonii
654 2991 827 3078 episcopus.
873 2989 962 3056 Male
975 3006 1079 3057 autem
1095 2994 1187 3059 omit-

138 3076 216 3139 titur
229 3090 300 3162 post
314 3079 360 3140 ita
376 3077 508 3141 verbum
522 3097 598 3154 esse,
614 3091 646 3142 et
660 3090 731 3163 post
744 3079 855 3142 scribit
870 3092 1024 3165 punctum
1041 3079 1074 3142 in
1095 3093 1184 3146 textu

139 3161 322 3240 Baluziano,
339 3162 423 3226 unde
437 3186 523 3227 error
538 3163 659 3227 transiit
672 3163 704 3227 in
719 3185 835 3228 meum.

183 3248 265 3312 Ibid.
288 3246 310 3311 l.
328 3250 381 3315 28.
405 3249 594 3333 meretrices]
612 3251 727 3313 Postea
749 3246 891 3399 segpuitur
909 3249 942 3312 in
962 3249 1098 3315 editione
1112 3275 1185 3338 quae

138 3333 254 3398 dicitur
280 3334 402 3414 Gravii,
428 3335 460 3399 in
491 3334 684 3412 Pameliana,
711 3335 754 3398 Ri
808 3335 902 3413 tiana,
929 3349 961 3398 et
988 3337 1184 3423 Anglicana:

138 3421 304 3485 Interdum
320 3442 393 3485 uero
407 3421 498 3484 deum
513 3422 663 3485 uocabula
751 3497 753 3501 Ι
784 3423 941 3486 Rornanos
950 3424 1135 3510 finguntur
1149 3435 1186 3491 ut

137 3509 180 3571 sit
201 3508 290 3594 apud
310 3509 380 3571 illos
400 3508 519 3570 Viduas
540 3507 628 3584 rbus,
644 3530 699 3594 quc
720 3509 830 3571 aniana
851 3530 965 3595 corpus
988 3510 1106 3588 viduet,
1129 3514 1186 3598 qui

137 3595 355 3678 quasiferalis
370 3594 557 3677 atficnebris
571 3595 660 3656 intra
673 3615 781 3658 muros
796 3616 860 3658 non
874 3595 1017 3675 babetur,
1030 3597 1187 3682 sedjbris

138 3679 316 3756 colbrcatur,
333 3689 363 3743 et
381 3680 599 3756 nibilominus,
619 3681 696 3766 qrciu
716 3682 853 3745 eutarris
861 3682 990 3766 factus,
1011 3683 1186 3748 domamur

135 3766 242 3846 potius
257 3767 405 3829 Romana
419 3765 574 3852 religione
591 3787 684 3852 οιιαοι
704 3767 828 3831 colitur.
865 3768 929 3830 Est
946 3776 975 3830 et
990 3768 1132 3832 Scansus
1146 3771 1185 3834 ab

138 3851 317 3914 ascensibus
332 3851 445 3930 dictus,
460 3861 491 3915 ct
504 3852 660 3916 Furculas
678 3873 699 3915 α
707 3854 855 3938 fioribus
871 3862 901 3916 et
914 3875 935 3915 α
949 3853 1111 3918 liminibus
1126 3856 1183 3918 Li-

137 3937 307 4014 ncentinus,
321 3946 350 4000 et
365 3938 490 4001 Cardea
505 3959 527 4000 α
540 3938 734 4015 cardinibus,
745 3949 776 4003 et
789 3939 828 4002 ab
842 3939 1029 4002 orbitatibus
1045 3941 1183 4003 Orbana.

139 4020 191 4083 Ea
206 4043 279 4083 vero
293 4044 349 4085 nos
364 4022 558 4101 sustulimus
572 4023 648 4108 quia
661 4047 698 4087 ea
711 4024 743 4088 in
759 4024 847 4088 nullo
861 4037 1003 4088 veterum
1023 4025 1181 4123 exempla-

138 4105 219 4168 rium
236 4107 407 4191 reperimus
421 4109 537 4196 quibus
558 4108 605 4172 usi
626 4133 745 4187 sumuS,
760 4110 835 4196 quia
855 4110 969 4174 desunt
988 4109 1020 4173 in
1040 4111 1185 4198 pluribus

139 4190 335 4276 Anglicanis,
350 4194 425 4279 quia
442 4218 505 4259 non
525 4208 635 4259 extant
653 4195 686 4259 in
707 4196 844 4282 antiquis
862 4195 1062 4275 editionibus,
1082 4220 1185 4284 neque

139 4275 172 4341 in
193 4277 349 4359 Minucio,
365 4295 396 4344 st
414 4281 490 4367 quia
507 4304 643 4360 sensum,
665 4295 702 4348 ut
721 4281 881 4370 Rigsltius
902 4282 957 4363 ait,
979 4283 1185 4372 abrumpunt.
