2678 4830
375 305 562 371 CONTRA
586 307 820 372 HAERESIM
844 309 1007 375 NOETI.
1168 314 1210 376 53

192 477 204 504 ἱ
366 478 377 506 Ι
536 485 553 501 Α
691 481 701 510 Ι
823 478 834 507 λ
894 481 903 511 λ
984 481 994 510 Ι
1089 485 1099 510 2

169 514 231 560 τον
254 484 479 584 τροσεφερεν
503 515 554 587 τῷ
579 485 709 582 Πατρι.
759 486 840 584 Προ
867 486 904 562 δε
930 516 1056 562 τουτου
1080 518 1118 562 εν
1143 484 1206 564 οὐ·

168 611 264 714 ρανῷ
290 604 393 711 σὰρξ
413 607 476 686 οὐκ
502 603 559 705 ἦν.
608 608 674 692 Τίς
701 608 763 687 οὖν
791 605 835 708 ἦν
856 612 893 689 ἐν
920 611 1056 717 οὐρανῷ
1080 609 1208 712 ἀλλ’ἢ

168 732 278 836 λόγος
298 734 471 838 ἄσαρκος,
491 738 710 820 ἀποσταλεὶς
733 736 791 815 ἵνα
816 736 914 844 δείξῃ
937 736 1044 817 αὐτόν
1064 740 1121 818 ἐπὶ
1142 744 1210 841 γῆς

168 861 269 961 ὅντα,
290 859 377 942 εἶναι
395 867 453 942 καὶ
471 865 507 942 ἐν
526 865 675 970 οὐρανῷ.
725 862 845 967 Λόγοι·
871 863 973 972 σὰρξ
991 862 1050 965 ἦν,
1070 876 1210 968 πνεῦμα

141 988 227 1090 5ἧν,
249 989 395 1091 δύναμις
408 988 467 1090 ἧν,
484 997 532 1076 εἷς
548 993 626 1102 (cor.
642 988 698 1098 ὃς)
714 990 756 1071 τό
775 991 891 1072 κοινὸν
910 991 1022 1091 ὄνομα
1040 999 1098 1075 καὶ
1111 995 1210 1101 παρὰ

169 1118 368 1223 ἀνθρώποις
391 1118 553 1223 χωρητὸν
584 1117 830 1218 ἀνελάμβανεν
860 1127 908 1206 εἰς
939 1121 1077 1221 ἑαυτὸν,
1105 1133 1211 1204 τοῦτο

169 1244 385 1347 καλούμενος
409 1250 469 1328 ἀπ’
490 1251 602 1352 ἀρχῆς
626 1247 698 1332 υἱὸς
716 1248 905 1352 ἀνθρώπου
923 1246 1039 1328 διὰτὸ
1056 1252 1208 1350 μέλλον,

170 1377 281 1455 καίτοι
307 1374 416 1476 μήπω
442 1374 493 1456 (όν
520 1376 721 1480 ἄνθρωπος,
750 1375 866 1461 καθὼς
892 1377 912 1456 ὃ
941 1375 1083 1477 Δανιὴλ
1113 1414 1209 1483 μοιρ-

169 1511 278 1606 τνρεῖ,
302 1504 432 1606 λέγων·
463 1501 570 1603 εἶδον,
597 1507 655 1583 καὶ
683 1501 757 1584 ὶδού
782 1507 935 1585 ἐπὶτῶν
960 1512 1120 1612 νεφελῶν
1147 1516 1211 1588 τοῦ

125 1631 319 1734 ιοούροινού
343 1628 532 1735 ἐρχόμενον
557 1635 605 1716 ὡς
628 1629 702 1712 υἱόν
725 1631 925 1734 ἀνθρώπου.
976 1634 1131 1716 Amatur
1149 1635 1211 1714 οὖν

169 1762 206 1839 ἐν
229 1765 280 1867 τῷ
305 1761 442 1868 οὐρανῷ
465 1759 551 1840 ὄντα
569 1758 692 1861 ἔλεγεν
710 1757 824 1867 τούτῷ
841 1759 987 1861 ὀνόματι
1010 1760 1131 1867 [τοῦτο
1149 1762 1209 1842 ἀπ’

120 1906 123 1911 ’
169 1890 281 1992 ἀρχῆς
302 1886 467 1967 iurator.
486 1889 618 1996 delent]
653 1893 842 1968 καλεῖσθαι
868 1890 929 1969 ἀπ’
955 1892 1067 1993 ἀρχῆς·
1090 1886 1211 1993 Λόγον

170 2019 277 2096 θεοῦ.

223 2142 264 2222 ε’.
294 2142 418 2223 Ἀλλὰ
441 2145 479 2223 τί
502 2178 578 2244 μοι,
603 2148 732 2252 φησὶν,
759 2146 857 2247 λέγει
882 2148 919 2225 ἐν
940 2145 1066 2253 ἐτέρῷ;
1093 2145 1212 2231 Οὗτος

110 2307 137 2347 .1
142 2272 189 2365 55
207 2267 316 2369 Θεὸς,
337 2271 378 2351 οὐ
395 2269 655 2374 λογισθήσεται
672 2273 789 2376 ἕτερος
805 2272 896 2376 πρὸς
914 2271 1032 2352 αὐτόν.
1077 2279 1211 2358 Καλῶς

169 2395 275 2479 εἶπεν·
306 2396 397 2503 πρὸς
413 2396 485 2503 γὰρ
502 2400 566 2480 τὸν
584 2400 730 2504 Πατέρα
747 2402 800 2484 τίς
817 2399 1078 2501 λογισθήσεται
1094 2434 1105 2497 ;
1135 2401 1155 2478 ό
1174 2399 1211 2480 δέ

169 2529 279 2631 λε’γει.
328 2527 446 2611 Οὗτος
464 2527 484 2606 ὃ
502 2525 595 2612 θεὸς
616 2527 732 2626 ἡμῶν,
754 2528 795 2606 οὐ
816 2525 1077 2628 λογισθήσεται
1095 2528 1211 2633 ἕτερος

168 2655 259 2759 πρὸς
295 2653 413 2735 αὐτόν·
453 2653 592 2760 ἐξεῦρεν
628 2662 754 2735 πᾶσαν
790 2653 873 2734 ὁδὸν
909 2654 1122 2756 ἐπιστήμης,
1154 2660 1212 2737 καὶ

170 2783 297 2863 ἔδωκεν
322 2780 431 2882 αὐτὴν
455 2780 586 2876 Ἰακὼβ
613 2787 664 2889 τῷ
690 2784 790 2861 παιδὶ
816 2783 939 2880 αὐτοῦ,
971 2786 1030 2862 καὶ
1059 2781 1213 2889 Ἰσραὴλ
1300 2859 1302 2865 .

170 2994 275 3053 obtulit
286 2994 375 3052 Patri.
416 2995 514 3052 Antea
526 3013 596 3052 vero
610 3015 671 3052 non
710 2995 822 3051 aientem
835 3004 960 3071 tanquam
973 2994 1074 3052 Filium
1088 2996 1211 3057 hominis.

171 3077 284 3134 eratin
305 3076 377 3133 coelo
397 3094 474 3134 curo.
510 3077 583 3146 Quis
601 3096 670 3154 ergo
710 3077 802 3134 Recte
822 3077 911 3154 igitur
929 3075 1009 3141 dixit,
1026 3095 1093 3133 eum
1114 3079 1163 3152 qui
1180 3078 1212 3134 in

171 3158 277 3215 eratin
292 3157 374 3223 coelo,
390 3157 447 3213 nisi
460 3156 592 3214 Verbum
607 3159 669 3215 sine
711 3158 783 3214 coelo
798 3169 860 3214 erat
870 3157 1002 3214 Verbum
1012 3157 1077 3223 Dei,
1090 3158 1147 3215 hoc
1157 3177 1211 3216 no·

170 3257 268 3304 carne,
284 3237 362 3315 quod
376 3238 496 3295 missum
511 3250 555 3295 est
572 3250 606 3295 ut
625 3258 669 3296 os·
710 3239 790 3295 mine
804 3258 822 3295 a
835 3238 977 3313 principio
991 3238 1099 3294 vocari.

170 3320 305 3377 tenderet
322 3338 364 3384 se,
379 3319 429 3394 qui
449 3319 480 3375 in
502 3331 579 3376 terra
597 3330 668 3385 erut,
750 3319 788 3376 V.
818 3318 876 3376 Sed
902 3317 970 3392 quid
998 3317 1079 3382 mihi,
1104 3317 1210 3393 inquit,

170 3419 232 3459 esse
254 3401 344 3458 etiam
365 3400 396 3456 in
418 3399 512 3457 coelo?
539 3400 671 3458 verbum
710 3401 781 3458 dicit
809 3399 959 3475 Scriptura
985 3399 1016 3454 in
1044 3399 1100 3456 alio
1127 3400 1210 3458 loco:

170 3483 336 3547 enituerat,
353 3480 476 3556 Spiritus
494 3493 565 3547 erat,
579 3482 671 3539 virtus
711 3478 794 3537 1)Ηιό
809 3490 848 3537 est
869 3481 955 3546 Deus,
974 3499 1024 3536 non
1044 3480 1213 3554 reputabitur

170 3574 243 3621 erat.
277 3563 361 3619 Unus
378 3581 534 3620 commune
552 3582 671 3629 nomen,
712 3563 782 3619 alius
790 3564 827 3619 ad
836 3582 903 3618 eum,
935 3562 1027 3618 Recte
1036 3562 1117 3620 dixit.
1139 3562 1212 3631 Quis

171 3655 201 3702 et
224 3646 256 3701 in
277 3663 333 3700 usu
356 3643 433 3718 apud
459 3644 593 3701 homines
617 3644 673 3701 sibi
713 3644 790 3700 enim
812 3643 994 3720 reputabitur
1017 3643 1054 3700 ad
1074 3644 1212 3701 Patrem?

171 3726 305 3801 sumpsit,
314 3725 615 3800 vocatusaprincipio
626 3726 672 3782 Fi·
712 3725 779 3791 Hic,
802 3725 907 3800 inquit,
930 3725 1007 3781 Deus
1028 3733 1136 3793 nostem·
1161 3744 1212 3782 ιιοιι

169 3808 225 3864 lius
243 3806 381 3871 hominiS,
395 3816 514 3882 propter
531 3806 671 3873 futurum,
713 3808 881 3880 reputabitur
902 3805 973 3861 aliur
994 3807 1031 3862 ad
1053 3826 1120 3863 eum.
1162 3806 1211 3863 In·

171 3888 304 3964 quemvis
324 3887 455 3944 nondum
476 3899 551 3945 esset
570 3888 669 3954 homo,
710 3889 783 3943 venit
796 3907 895 3945 omnem
905 3887 976 3943 viam
988 3888 1113 3952 scientim,
1125 3895 1152 3942 et
1166 3888 1211 3943 de-

171 3970 246 4027 sicut
259 3969 366 4026 Daniel
379 3978 503 4026 testatur
515 3969 668 4044 inquiens:
711 3969 752 4024 dit
764 3969 839 4025 illam
852 3968 938 4027 Jacob
951 3987 1039 4042 puero
1055 3987 1113 4033 suo,
1128 3976 1155 4022 et
1167 3967 1212 4022 Is·

171 4050 267 4118 avidi,
283 4059 311 4108 et
323 4069 383 4108 ecce
396 4051 424 4106 ιἰι
436 4051 547 4107 nubibus
557 4051 615 4108 coelt'
624 4070 668 4107 ve-
710 4050 771 4106 rael
793 4051 889 4108 dilecto
909 4068 967 4107 ruo.
1003 4049 1108 4106 cBene
1130 4047 1210 4105 dicit.

331 4238 346 4268 ι
363 4227 426 4278 Dru
439 4229 479 4277 vii.
495 4243 531 4290 ¹3·
630 4226 857 4288 bBaruchiii.36.
957 4226 1049 4274 elbid.

677 4330 726 4386 Ε3
