2678 4830
304 333 544 399 EPISTOLA
566 334 634 398 AD
658 334 692 399 S.
709 333 1015 398 CYPRIANUM.
1117 336 1182 404 229

133 533 203 580 one
221 505 426 580 constitutis
444 505 623 596 fidelibus,
639 518 676 579 et
698 505 769 579 huc
787 518 896 603 atque
913 505 1000 578 illuc
1016 530 1182 604 persecu·

133 623 242 721 tionis
260 634 361 695 metu
379 621 615 718 fugientibus,
632 635 668 695 et
690 621 822 722 patrias
844 647 925 695 suas
947 621 1189 718 relinquenti-¹

36 828 39 833 .
134 740 213 828 bus,
239 751 347 836 atque
372 738 411 811 in
437 737 524 811 alias
550 752 668 838 partes
694 739 883 838 regionum
910 738 1181 812 transeuntibus

135 853 346 945 (eratenim
373 852 580 926 transeundi
605 853 768 943 facultas,
790 881 834 926 eo
857 852 954 952 quod
982 854 1182 953 persecutio

108 971 209 1070 5illa,
238 997 312 1043 non
338 997 403 1069 per
431 983 548 1044 totum
576 970 768 1060 mundum,
793 969 855 1043 sed
882 970 1004 1043 localis
1029 970 1183 1069 fuisset),

136 1088 283 1161 emersit
306 1084 388 1160 istic
405 1087 526 1160 subito
544 1086 709 1185 quaedam
729 1086 870 1175 mulier,
888 1112 968 1183 quoe
986 1085 1023 1158 in
1042 1087 1184 1160 extasin

135 1204 342 1291 constituta,
359 1203 562 1302 propheten
588 1230 626 1276 se
646 1203 842 1303 praeferret,
865 1215 903 1276 et
925 1203 1027 1300 quasi
1050 1203 1184 1276 Sancto

136 1319 275 1419 Spiritu
300 1318 407 1417 plena
433 1319 485 1392 sic
510 1332 641 1418 ageret.
692 1319 751 1392 Ita
779 1331 900 1392 autem
928 1318 1184 1417 principalium

136 1435 399 1508 daemoniorum
420 1435 558 1534 impetu
576 1435 766 1525 ferebatur,
784 1446 825 1507 ut
841 1461 906 1533 per
923 1435 1074 1533 longum
1092 1448 1186 1508 tem-

85 1574 205 1651 ·10pus
233 1551 440 1624 sollicitaret
465 1565 503 1625 et
531 1551 712 1651 deciperet
739 1551 1012 1640 fraternitatem,
1039 1551 1186 1625 mirabi-

139 1667 185 1741 lia
214 1667 381 1766 quaedam
409 1681 445 1742 et
469 1681 678 1768 portentosa
702 1667 913 1767 perficiens;
944 1680 980 1740 et
1005 1667 1121 1741 facere
1148 1695 1186 1744 se

138 1797 269 1857 terram
305 1786 439 1857 moveri
474 1785 714 1883 polliceretur.
775 1784 862 1858 Non
897 1784 995 1881 quod
1030 1784 1186 1859 daemoni

138 1912 239 1974 tanta
256 1914 350 1973 esset
365 1913 537 2000 potestas,
555 1913 596 1974 ut
618 1913 751 1973 terram
775 1927 920 1974 movere
942 1913 1003 1974 aut
1026 1901 1187 1974 elemen-

138 2030 219 2089 tum
250 2030 441 2090 concutere
467 2017 502 2089 vi
532 2044 597 2090 sua
621 2017 777 2101 valeret;
801 2016 870 2090 sed
895 2016 992 2113 quod
1019 2044 1188 2090 nonnun-

94 2160 248 2235 15quam
268 2133 412 2232 spiritus
426 2160 582 2231 nequam
601 2134 795 2232 praesciens
809 2146 845 2207 et
865 2133 1068 2231 intelligens
1086 2147 1187 2208 terrae

141 2263 280 2322 motum
316 2249 490 2340 futurum,
524 2248 562 2321 id
597 2276 634 2321 se
668 2250 847 2322 facturum
881 2275 957 2320 esse
992 2249 1189 2339 simularet,

139 2365 238 2463 quod
255 2365 418 2439 futurum
435 2365 585 2440 videret.
638 2365 780 2448 Quibus
808 2363 1004 2437 mendaciis
1023 2377 1058 2437 et
1074 2365 1190 2461 jacta-

141 2482 300 2552 tionibus
318 2482 509 2579 subegerat
526 2493 685 2552 mentem
706 2478 942 2577 singulorum,
960 2494 1001 2552 ut
1019 2479 1088 2551 sibi
1105 2482 1191 2554 obe·

142 2597 270 2684 dirent,
288 2608 324 2668 et
350 2623 567 2694 quocunque
592 2595 803 2694 praeciperet
828 2609 865 2668 et
890 2595 1037 2668 duceret
1063 2623 1189 2696 seque-

96 2755 132 2793 20
142 2727 284 2787 rentur:
319 2713 452 2787 faceret
477 2739 621 2810 quoque
647 2712 836 2785 mulierem
861 2711 960 2785 illam
989 2712 1098 2786 cruda
1122 2715 1190 2788 hu-

141 2857 223 2904 eme
240 2829 346 2902 nudis
364 2828 518 2929 pedibus
535 2856 601 2928 per
622 2856 763 2928 asperas
782 2829 881 2902 nives
901 2829 962 2916 ire,
980 2856 1049 2903 nec
1066 2831 1187 2905 vexari

143 2946 178 3019 in
198 2946 318 3044 aliquo
336 2959 399 3019 aut
416 2946 499 3018 laedi
517 2946 579 3018 illa
596 2946 840 3019 discursione:
866 2945 1000 3020 diceret
1017 2947 1126 3021 etiam
1149 2974 1188 3022 se

142 3063 180 3133 in
193 3062 219 3134 J
222 3061 362 3135 udaeam
381 3075 417 3135 et
435 3063 731 3161 Hierosolymam
749 3061 929 3150 festinare,
944 3064 1085 3162 fingens
1108 3077 1189 3138 tan·

142 3205 252 3276 quam
278 3177 363 3250 inde
388 3178 555 3252 venisset.
607 3179 680 3252 Hic
703 3191 740 3251 et
762 3203 875 3250 unum
901 3177 946 3250 de
971 3180 1189 3278 presbyteris

96 3330 131 3395 25
144 3295 329 3380 rusticum,
356 3295 443 3368 item
474 3309 511 3368 et
544 3296 654 3367 alium
685 3293 877 3367 diaconum
910 3293 1048 3386 fefellit,
1073 3307 1115 3367 ut
1140 3296 1190 3369 ei-

143 3411 227 3484 dem
254 3411 394 3484 mulieri
418 3411 746 3498 commiscerentur,
766 3409 862 3506 quod
888 3411 997 3509 paulo
1022 3425 1106 3510 post
1129 3412 1191 3486 de-

143 3541 280 3601 tectum
299 3541 363 3601 est.
415 3527 513 3601 Nam
540 3517 660 3600 subito
684 3526 851 3625 apparuit
875 3526 926 3598 illi
950 3553 1042 3599 unus
1060 3526 1105 3600 de
1127 3555 1190 3602 ex-

145 3644 296 3732 orcistis,
315 3644 367 3716 vir
382 3647 553 3744 probatus
570 3657 608 3716 et
625 3643 719 3717 circa
737 3642 939 3742 religiosam
960 3642 1190 3742 disciplinam

145 3761 237 3831 bene
259 3786 401 3858 semper
423 3773 663 3850 conversatus,
687 3759 749 3857 qui
773 3759 1022 3831 exhortatione
1046 3786 1191 3857 quoque
1313 3775 1317 3780 ’

98 3875 295 3973 3ofratrum
314 3878 566 3976 plurimorum,
582 3877 645 3974 qui
663 3890 700 3949 et
716 3875 784 3975 ipsi
803 3876 913 3950 fortes
930 3904 972 3950 ac
995 3876 1190 3951 laudabiles

145 3992 182 4064 in
202 3990 274 4064 fide
291 3991 448 4085 aderant,
465 3993 655 4081 excitatus,
671 3994 785 4066 erexit
802 3996 840 4066 se
857 4006 980 4067 contra
998 3993 1101 4065 illum
1120 3994 1192 4093 spi-

146 4109 257 4182 ritum
275 4134 432 4204 nequam
449 4109 705 4182 revincendum
724 4108 823 4210 (for.
839 4108 883 4181 ad
901 4107 1191 4202 revincendum);

147 4225 209 4323 qui
229 4223 351 4298 subtili
367 4224 507 4300 fallacia
523 4226 632 4299 etiam
652 4226 722 4300 hoc
739 4217 848 4326 paulo
871 4241 954 4298 ante
970 4224 1194 4324 praedixerat,

651 4361 706 4426 03
