2678 4830
170 318 213 384 66
535 318 566 380 S.
584 315 853 380 HIPPOLYTI

173 491 244 595 γὰρ
259 487 321 587 είς,
337 486 518 592 πρόσωπα
536 487 573 567 δὲ
592 485 670 586 δύο,
687 486 741 566 ὅτι
759 489 817 566 καὶ
835 487 855 565 ὁ
874 482 975 582 Υἱὸς,
991 483 1033 562 τὸ
1048 480 1088 561 de*
1100 482 1221 586 τρίτον

173 616 216 697 τὸ
235 616 338 719 ἅγιον
356 621 516 715 Πνεῦμα.
566 611 694 718 Πατὴρ
711 612 926 709 ἐντέλλεται,
948 608 1067 713 Λόγος
1086 612 1219 690 ἀποτε-

176 751 246 842 λεῖ,
268 743 354 827 Υἱὸς
373 741 411 820 δὲ
429 743 602 821 δείκνυται
620 742 663 820 δι’
683 740 724 820 οῦ
744 737 872 842 Πατὴρ
889 734 1107 819 πιστεύεται.
1148 741 1219 816 Οἱ-

126 872 128 876 ’
176 871 324 974 κονομίιρ
343 867 422 976 (for.
433 869 491 946 καὶ
510 867 711 975 οἰκονομίᾳ)
732 865 943 972 συμφωνίας
961 862 1156 963 συνάγεται
1174 868 1223 944 είς

178 996 239 1076 ἕνα
262 994 370 1091 Θεὸν,
398 992 445 1076 εἷς
468 992 538 1096 γάρ
563 993 663 1071 ε’στιν
689 994 709 1071 ὁ
732 990 837 1075 Θεός.
891 991 940 1069 Ὁ
959 987 1030 1092 γὰρ
1048 987 1219 1085 κελεύων,

179 1119 323 1224 Πατὴρ,
345 1123 365 1199 ὁ
384 1117 422 1198 δὲ
441 1117 640 1215 ῦπακούων,
662 1117 762 1215 Υἱὸς,
784 1114 826 1196 τῦ
847 1114 885 1195 δὲ
904 1111 1100 1216 συνετίζον,
1120 1111 1224 1215 ἅγιον

180 1253 340 1347 Πνεῦμα.
389 1247 438 1326 ‘O
456 1243 506 1324 ὧν
529 1249 601 1353 (for.
617 1245 697 1348 οὖν)
726 1240 855 1347 Πατὴρ
878 1245 936 1322 ε’πὶ
959 1241 1119 1338 πάντων,
1141 1243 1161 1320 ὃ
1187 1238 1225 1319 δὲ

180 1372 267 1460 Υἱὸς
294 1372 353 1453 διὰ
379 1372 539 1470 πάντων,
570 1370 612 1451 τὸ
642 1370 680 1452 δὲ
712 1369 815 1473 ἅγιον
845 1375 996 1469 Πνεῦμα
1026 1371 1063 1447 ε’ν
1093 1374 1222 1448 πᾶσιν.

174 1498 328 1584 Ἀλλως
352 1534 389 1579 τε
414 1500 475 1579 ἕνα
498 1498 593 1578 Θεὸν
615 1500 760 1598 νομίσαι
786 1496 836 1597 μὴ
865 1495 1058 1596 δυνάμεθα,
1087 1494 1149 1574 ε’ὰν
1175 1493 1225 1594 μὴ

181 1626 292 1710 ὅντως
317 1628 436 1729 Πατρὶ
454 1628 511 1705 καὶ
533 1631 610 1733 Υὶῲ
628 1628 686 1705 καὶ
705 1627 795 1732 ἁγίιρ
815 1622 998 1724 Πνεύματι
1015 1620 1223 1703 πιστεύσω·
1239 1653 1271 1691 10

181 1787 259 1852 μεν.
307 1753 471 1831 Ἰουδαῖοι
494 1749 559 1851 μὲν
583 1751 655 1856 γὰρ
673 1751 853 1859 ἐδόξασαν
876 1750 1036 1855 Πατέρα,
1057 1751 1142 1828 ἀλλ’
1164 1750 1227 1829 οὐκ

181 1881 468 1984 ηὐχαρίστησαν,
497 1877 571 1959 υἱὸν
598 1878 669 1983 γὰρ
694 1881 758 1959 οὐκ
785 1879 1005 1980 ἐπέγνωσαν.
1056 1880 1228 1976 Μαθηταὶ

183 2005 394 2107 ἐπέγνωσαν
419 2004 508 2103 υἱὸν,
533 2006 617 2083 ἀλλ’
642 2006 705 2084 οῦκ
727 2007 764 2084 ἐν
792 2002 975 2103 Πνεύματι
1003 2003 1109 2110 ἁγίιρ,
1137 2003 1181 2080 δι’
1209 2002 1228 2082 b

183 2132 242 2209 καὶ
260 2128 476 2233 ἠρνήσαντο.
517 2131 711 2211 Γινώσκων
729 2131 791 2210 οῦν
809 2132 829 2209 ὁ
847 2135 1012 2236 πατρῷος
1027 2126 1147 2230 Λῦγος
1164 2128 1230 2229 τὴν

93 2294 96 2299 ’
184 2258 386 2356 οἰκονομίαν
403 2260 461 2336 καὶ
479 2257 521 2337 τὸ
540 2258 680 2358 θέλημα
698 2265 761 2337 τοῦ
780 2255 940 2361 Πατρῦς,
957 2256 1012 2336 ὅτι
1029 2258 1092 2337 οῦκ
1105 2256 1230 2342 ἄλλως
1243 2289 1273 2345 15

183 2384 354 2478 βούλεται
386 2381 600 2490 δοξάζεσθαι
629 2387 649 2463 ὀ
683 2381 813 2488 Πατὴρ
849 2381 872 2482 ἢ
910 2384 1036 2479 οὕτως,
1070 2382 1231 2468 ἀναστὰς

183 2510 385 2613 παρέδωκεν
403 2518 476 2595 τοῖς
494 2515 668 2610 μαθηταῖς
686 2509 816 2610 λε’γων·
849 2508 1086 2612 Πορευθέντες
1109 2514 1229 2610 μαθη-

184 2635 335 2716 τεύσατε
361 2637 480 2717 πάντα
507 2636 552 2716 τὰ
580 2638 677 2736 ἔθνη,
705 2632 934 2737 βαπτίζοντες
961 2632 1088 2720 αὐτοῦς
1115 2642 1165 2721 είς
1191 2637 1232 2717 τὸ

186 2761 299 2861 ὄνομα
316 2770 379 2841 τοῦ
398 2762 544 2866 Πατρὸς
562 2764 620 2840 καὶ
638 2770 701 2841 τοῦ
714 2768 817 2859 Υὶοῦ,
836 2764 894 2841 καὶ
911 2770 974 2841 τοῦ
988 2764 1092 2864 ἁγίου
1111 2764 1230 2844 Πνεύ-

186 2983 232 3030 ter
246 2971 364 3047 quidem
377 2988 463 3036 unus,
475 2971 608 3028 Persouae
619 2990 689 3029 vero
730 2972 804 3030 Filio
825 2984 855 3029 et
876 2971 998 3048 Spiritui
1017 2971 1048 3030 S.
1067 2973 1232 3031 credamus.

187 3051 262 3118 duae,
279 3052 348 3128 quie
360 3050 467 3118 Filius;
490 3051 577 3108 tertie
590 3063 689 3109 eutem
730 3052 849 3110 Etenim
869 3053 964 3110 Judaei
984 3054 1100 3111 Patrem
1125 3055 1232 3132 glorifi-

187 3131 314 3209 Spiritus
328 3131 462 3191 Sanctus.
504 3132 591 3189 Pater
604 3151 687 3189 man·
730 3144 880 3199 caverunt,
892 3132 944 3190 sed
957 3152 1017 3191 non
1032 3145 1157 3210 egerunt
1169 3154 1233 3212 gre·

187 3211 248 3278 det,
259 3213 391 3271 Verbum
402 3212 525 3289 perficit,
538 3213 627 3270 Filius
638 3232 688 3270 eu·
729 3212 802 3279 tiss;
818 3213 962 3288 siquidem
975 3232 1036 3271 non
1050 3226 1234 3291 agnoverrmt

187 3303 248 3350 tem
262 3293 434 3359 ostenditur,
444 3312 497 3369 per
506 3312 594 3369 quem
605 3293 691 3350 Pater
731 3292 836 3350 Flium.
882 3293 1024 3369 Discipuli
1051 3307 1235 3371 agnoverunt

188 3373 324 3431 ereditur.
367 3374 544 3431 OEcouomie
566 3392 689 3431 consen·
730 3373 836 3451 Filium
847 3372 968 3431 sednon
978 3374 1008 3430 in
1020 3373 1132 3449 Spiritu
1143 3373 1235 3433 Sene-

188 3453 277 3509 sionis
287 3453 428 3529 redigitur
438 3453 474 3509 ed
482 3472 574 3509 unum
582 3453 687 3519 Deum,
730 3464 772 3519 to,
786 3453 895 3511 idcirco
909 3464 1101 3532 negaverunt.
1132 3453 1236 3512 Sciens

187 3551 263 3588 unus
283 3532 361 3588 enim
379 3543 424 3588 est
439 3532 528 3597 Deus,
543 3533 594 3607 qui
607 3552 689 3589 men-
730 3534 820 3611 igitur
840 3533 971 3592 Verbum
992 3534 1096 3599 Petris,
1120 3552 1236 3592 oeeono-

189 3610 249 3676 det,
264 3612 366 3676 Pater;
390 3611 440 3686 qui
456 3611 565 3677 obedit,
584 3613 688 3678 Filius3
731 3615 822 3670 mium
852 3624 883 3670 et
914 3615 1097 3671 voluntatem
1131 3614 1235 3682 Patris,

189 3691 240 3765 qui
264 3690 350 3747 docet
377 3689 540 3755 scientiam,
567 3691 691 3767 Spiritus
732 3693 810 3768 quod
823 3713 883 3751 non
897 3695 962 3751 vult
976 3694 1060 3752 eliter
1073 3695 1161 3752 Pater
1173 3696 1235 3772 glo·

190 3768 325 3827 Sanctus.
363 3771 449 3827 Pater
473 3771 524 3845 qui
546 3782 692 3846 estsuper
731 3774 847 3840 rificari,
862 3774 919 3831 uisi
933 3775 991 3840 sic;
1007 3793 1075 3833 cum
1089 3793 1236 3832 resurrex-
1326 3812 1328 3817 ‹

190 3850 287 3915 omnia,
302 3849 392 3906 Filius
407 3868 461 3923 per
481 3850 578 3916 οιυιιίσ,
601 3851 690 3927 spiri·
731 3853 812 3920 isset,
838 3854 958 3912 tradidit
983 3855 1040 3912 hoe
1069 3855 1235 3930 discipulis;

190 3940 237 3986 tus
252 3928 376 3987 Sanctus
390 3929 418 3985 ιἰι
432 3930 559 3988 omnibus.
597 3932 692 3989 Aliter
732 3933 870 4000 ιῑΕιιιιιοιι,
896 3934 1002 4010 inquit,
1031 3936 1122 3992 docete
1149 3954 1238 3992 omnes

188 4009 285 4067 Deum
319 4029 411 4066 unum
442 4010 604 4088 intelligere
631 4031 691 4068 non
730 4022 832 4087 pentes,
849 4014 1016 4089 baptizantes
1029 4034 1074 4072 eos
1091 4015 1119 4071 in
1133 4015 1238 4072 nomine

188 4109 352 4164 possumus,
367 4089 432 4147 'nisi
459 4108 528 4148 vere
556 4091 634 4148 Patri
661 4103 692 4148 et
731 4092 839 4159 Patris,
849 4102 876 4151 et
885 4095 964 4160 Filii,
976 4103 1003 4152 et
1016 4095 1140 4169 Spiritus
1149 4095 1236 4154 Saue·

588 4250 603 4281 α
619 4241 693 4291 Matt.
705 4241 789 4290 xxviii.
806 4256 843 4307 ¹9·
