2678 4830
108 326 151 389 14
337 326 369 386 S.
386 320 659 387 POLYCARPI
684 318 921 384 EPISTOLA

106 507 331 602 σπλαγχνοι,
363 499 552 596 ἐπιμελεῖς,
582 489 809 597 πορευόμενοι
838 492 929 572 κατὰ
959 491 1026 592 τὴν
1054 493 1145 594 ἀλή-

106 633 205 708 θειαν
227 631 291 704 τοῦ
315 625 463 727 Κυρίου,
494 621 534 706 ὃς
561 623 721 724 ῑέγίνετο
748 621 907 707 διάκονος
933 620 1091 703 πάντων·
1121 619 1150 732 ᾧ

106 738 168 835 ἐὰν
191 751 487 859 εὐαρεστήσωμεν
511 753 549 831 ἐν
573 756 624 858 τῷ
651 759 714 830 νῦν
740 756 853 848 αἰῶνι,
883 748 1151 858 ἀποληψόμθα

106 887 165 965 καὶ
180 880 245 963 τὸν
262 884 459 984 μέλλοντα,
480 877 597 963 καθὼς
615 880 790 984 ὑπίσχετο
808 879 892 979 ἡμῖν
909 880 1041 983 ἐγεῖραι
1058 881 1150 982 ἡμᾶς

106 1015 146 1093 ἐκ
164 1017 306 1116 νεκρῶν·
338 1013 396 1090 καὶ
421 1007 475 1089 im
497 1007 560 1088 ἐὰν
579 1007 876 1108 πολιτευσόμεθα
896 1006 1006 1113 ἀξίως
1024 1009 1172 1107 αὐτούς

106 1143 165 1220 καὶ
188 1135 544 1240 συμβασιλεύσομεν
564 1137 634 1238 (for.
653 1133 1016 1242 συμβασιλεύσομεν)
1036 1138 1147 1246 αὐτῷ,

106 1265 179 1368 ε’ίγε
193 1263 420 1365 πιστεύομεν.
478 1264 635 1364 Ὁμοίοις
659 1264 717 1343 καὶ
740 1261 900 1367 νεώτεροι
918 1262 1100 1363 ἄμεμπτοι
1113 1266 1151 1345 ἐν

105 1402 214 1493 πᾶσι,
233 1390 305 1498 πρὸ
329 1388 463 1477 παντὸς
486 1399 718 1498 προνοοῦντες
742 1391 898 1491 ἁγνείας,
919 1392 977 1470 καὶ
994 1401 1149 1496 χολικ-

105 1530 305 1624 γωγοῦντες
328 1519 472 1606 ἑαυτούς
496 1518 568 1601 ἀπὸ
591 1516 726 1604 παντὸς
750 1527 870 1600 κακοῦ.
930 1516 1058 1601 Καλὸν
1079 1518 1151 1625 γὰρ

106 1645 148 1728 τὸ
176 1648 443 1729 ἀνακόπτεσθαι
467 1646 539 1729 ἀπὸ
563 1655 636 1728 τῶν
659 1650 851 1748 ἐπιθυμιῶν
873 1649 911 1727 ἐν
932 1653 983 1754 τῷ
1008 1645 1147 1758 κόσμοι·
1161 1685 1191 1726 ιο

27 1775 162 1859 mrim
178 1784 283 1858 πᾶσα
300 1778 468 1877 ἐπιθυμία
484 1775 576 1857 κατὰ
599 1784 663 1856 τοῦ
685 1774 884 1876 πνεύματος
905 1775 1147 1880 στρατεύεται·

0 1907 166 1996 ,κακαὶ
198 1907 276 1985 οὔτε
307 1902 447 2009 πόρνοι,
481 1908 560 1986 οὔτε
591 1908 762 2006 μαλακοὶ,
797 1908 877 1984 οὕτε
908 1907 1151 2008 ἀρσενοκοῖται

6 2056 9 2061 “
107 2034 299 2130 βασιλείαν
323 2037 419 2113 Θεοῦ
443 2030 793 2136 κληρονομήσουσιν,
814 2034 895 2112 οὔτε
916 2036 950 2111 οἱ
971 2041 1151 2120 ποιοῦντες

107 2159 154 2240 τὰ
171 2160 300 2240 ἄτοπα.
349 2157 419 2241 Διὸ
437 2160 516 2239 δέον
534 2160 731 2264 ἀπέχεσθαι
748 2156 819 2240 ἀπὸ
837 2157 983 2240 πάντων
999 2159 1148 2261 τούτων,

109 2287 424 2388 ύποτασσομένους
447 2293 520 2371 τοῖς
544 2287 799 2392 πρεσβιπέροις
820 2290 879 2367 καὶ
896 2286 1083 2387 διακόνοις,
1105 2293 1191 2382 ὦςις

109 2421 193 2525 Θεῷ
224 2418 283 2496 καὶ
311 2420 476 2524 Χριστῷ·
535 2414 613 2500 Τὰς
643 2415 838 2519 παρθένους
865 2418 904 2496 ἐν
930 2417 1067 2527 ἀμώμῳ
1095 2421 1153 2499 καὶ

109 2547 203 2650 ἁγνῇ
221 2543 423 2644 συνειδήσει
439 2551 657 2649 περιπατεῖν.

165 2670 212 2758 τ’.
245 2676 317 2752 Καὶ
339 2679 373 2753 οἱ
392 2674 630 2778 πρεσβύτεροι
652 2670 690 2753 δὲ
708 2676 969 2779 εὔσπλαγχνοι,
990 2679 1038 2758 είς
1055 2674 1149 2756 ποίν-

109 2882 205 2947 nibus,
232 2883 443 2940 ambulantes'
435 2903 467 2940 m
487 2884 611 2942 veritate
651 2885 681 2942 di
702 2886 739 2943 ab
755 2885 890 2944 omnibus
910 2885 1153 2982 concupiscentiis

109 2962 240 3029 Domini,
251 2983 302 3039 qu1
293 2963 409 3022 sectus
423 2976 467 3023 est
479 2965 612 3023 mmister
651 2967 771 3025 mundi:
802 2967 940 3042 quonium
965 2968 1062 3025 omnis
1084 2989 1152 3028 con-

110 3044 260 3103 omnium:
295 3041 370 3103 bcui
397 3045 422 3102 si
449 3047 610 3122 complace·
652 3049 831 3123 cupiscentie
854 3045 1007 3106 dudversus
1028 3051 1152 3125 spiritum

110 3144 193 3182 emus
212 3125 244 3182 in
264 3127 320 3184 hoc
342 3127 450 3193 seculo,
469 3127 611 3204 percipie·
651 3130 761 3187 militat.
790 3131 1152 3207 Quiaflnequcformcarii,

109 3226 175 3264 mus
199 3225 234 3266 ea
258 3228 322 3284 quae
345 3207 444 3267 futura
465 3220 543 3275 sunt,
567 3228 610 3266 se·
652 3229 734 3285 neque
753 3212 855 3277 molles,
875 3231 956 3287 neque
975 3214 1153 3270 musculorum
1209 3223 1213 3233 '

109 3289 238 3348 cundum
252 3291 330 3366 quod
342 3291 508 3367 repromisit
519 3309 613 3348 resus·
652 3293 835 3349 concubitores
855 3312 965 3368 νεριιιιιιι
988 3294 1046 3350 Dei
1063 3294 1152 3369 possi-

110 3371 200 3430 citure
213 3391 268 3429 nos
281 3392 300 3430 a
311 3373 452 3430 mortuis:
468 3384 499 3430 et
512 3372 537 3430 si
550 3372 611 3451 dig·
653 3374 759 3439 debunt,
774 3393 871 3449 neque
886 3374 988 3431 illicito
1000 3373 1151 3433 indentes.

109 3470 148 3508 ne
170 3470 206 3509 eo
228 3453 392 3510 conversati
410 3453 560 3519 fuerimus,
583 3465 613 3511 et
652 3453 775 3531 Propter
789 3454 866 3531 quod
884 3456 1024 3513 abstineri
1037 3467 1153 3532 oportet

110 3532 135 3589 si
169 3532 387 3600 crediderimus,
421 3536 611 3614 conregnabi-
652 3536 689 3594 ab
704 3537 838 3594 omnibus
851 3537 906 3594 his.
932 3536 1064 3615 Subjecti
1078 3550 1152 3595 esto-

109 3632 175 3670 mus
189 3631 313 3672 cumeo.
336 3615 466 3674 Juvenes
480 3616 612 3675 similiter
651 3628 682 3674 te
700 3619 877 3695 presbyteris
896 3629 926 3675 et
944 3619 1084 3686 diaconis,
1098 3619 1152 3676 sic-

108 3694 299 3770 inculpabiles
324 3696 435 3754 sintin
456 3699 609 3756 omnibus:
651 3710 685 3756 ut
706 3699 769 3757 Deo
792 3711 822 3757 et
844 3699 969 3758 Christo.
1005 3699 1151 3796 Virgipes,

109 3794 226 3834 omnem
257 3776 451 3854 ignorantiam
485 3780 608 3855 cpreevi-
648 3780 836 3838 immaculata
854 3792 884 3838 et
904 3792 984 3838 custo
1001 3783 1153 3840 conscien-

109 3857 222 3925 dentes,
236 3857 417 3917 refrenantes
433 3879 465 3918 se
479 3861 516 3918 ub
530 3861 610 3918 omni
651 3862 693 3919 tie
704 3863 862 3920 ambulate

109 3940 198 3998 melo.
237 3939 354 3998 Bonum
368 3953 413 3999 est
426 3942 504 4000 enim
518 3943 610 4000 absci-
689 3944 744 4002 VI.
754 3943 920 4021 Presbyteri
928 3943 1106 4021 simplices
1084 3955 1154 4011 smt,

531 4091 571 4135 Εα
583 4089 668 4136 Smttht
679 4091 732 4137 edit.

144 4184 277 4298 θᾶγίιισι.
329 4186 626 4248 bALhrticsiplacemut.
678 4199 690 4226 ⁰
702 4188 743 4236 Al.
754 4189 910 4250 providentes.
963 4189 1102 4237 dIPet.il'.
1115 4203 1155 4238 ῐῐ.

113 4261 150 4297 01
196 4267 296 4315 r.v1.9‚
310 4265 345 4300 10.
