2678 4830
153 284 218 346 328
489 280 867 345 ANNOTATIONES

152 462 255 540 petuo.
298 451 394 516 Alius
418 464 519 532 vetus,
545 474 616 517 cam
644 452 772 518 Christo
796 460 950 538 perpetuo
974 461 1220 540 regnaturam.

156 541 290 603 llatae.
335 538 420 603 Olim
444 539 566 626 scripsit
587 540 682 603 Josn.
704 536 800 602 Fred.
822 536 1004 602 Gronovius
1024 539 1219 603 Observatt.

154 626 192 688 dc
213 626 431 712 Scriptaribus
449 626 634 689 Ecclesiast.
655 639 726 711 post
747 623 921 687 adductum
942 622 1029 688 hunc
1053 624 1219 712 Cypriani

155 710 269 774 locum.
307 712 487 797 “Incipere
502 732 649 798 regnare.
688 709 900 784 Membranae3
924 708 980 795 qui
1000 733 1033 773 se
1053 732 1120 773 non
1141 734 1217 774 cre-

155 805 177 837 “
192 796 247 860 dat
269 819 340 860 cum
362 797 490 861 Christo
508 795 540 860 in
564 810 717 883 perpetuo
736 817 877 882 regnare.
912 795 1006 872 Quod
1020 796 1120 860 credo
1139 819 1218 861 mu-

156 892 177 923 “
192 900 283 961 tasse,
303 883 421 969 quihus
442 883 608 947 videbatur
630 882 824 946 incommode
846 882 982 968 positum
1005 881 1110 945 solum
1132 905 1216 971 reg-

155 979 177 1008 “
191 992 282 1048 ctare,
305 968 395 1055 quasi
416 970 482 1067 'jam
508 992 589 1033 nunc
612 984 753 1054 regnent.
797 970 846 1032 At
870 966 996 1055 optimis
1020 968 1214 1033 auctoribus

155 1065 177 1095 “
193 1079 329 1143 prensens
347 1055 490 1118 inlimtiri
508 1054 689 1139 profuturo
703 1054 865 1118 usitatum.
890 1053 1000 1117 Cicero
1014 1051 1068 1118 lib.
1085 1055 1145 1118 IV.
1165 1054 1213 1119 ad

154 1151 176 1182 “
191 1141 354 1206 Atticum:
380 1142 460 1205 Cato
479 1150 583 1205 mmcn
601 1141 741 1226 affirmat
757 1160 790 1204 se
809 1141 883 1203 vivo
901 1139 990 1203 1112111
1009 1160 1075 1203 non
1089 1142 1213 1204 triam-

154 1237 175 1267 “
185 1229 301 1314 pltare.
325 1227 437 1291 Livius
448 1226 502 1290 lib.
513 1228 608 1290 XIV.
623 1227 753 1290 Postero
763 1226 815 1288 die
827 1225 932 1289 Nabis
940 1225 1043 1311 Argis
1053 1226 1211 1290 secedere

153 1322 175 1353 “
192 1336 229 1377 ae
246 1314 395 1378 deducere
407 1313 612 1401 praesidium,
652 1312 757 1375 scando
771 1313 818 1375 ita
832 1311 987 1376 Rornanis
1002 1311 1159 1398 placeret,
1176 1322 1211 1377 et

153 1408 175 1440 “
189 1403 331 1488 captivos
344 1410 374 1464 ct
382 1400 544 1487 perfugas
559 1336 758 1463 reddituram
772 1397 871 1461 dicit:
888 1395 1022 1460 Plautus
1036 1397 1208 1477 Rudente,

153 1496 176 1526 ‘⁶
192 1488 271 1551 Sive
285 1486 421 1551 1211011211
424 1487 542 1572 facere
557 1485 612 1549 lsoc
626 1484 824 1572 qnadficit.”
845 1505 915 1570 cap.
931 1482 995 1549 xiv.
1009 1505 1043 1570 p.
1058 1503 1133 1568 150.
1150 1483 1206 1548 cd.

152 1575 307 1637 Deventr.

195 1660 234 1723 P.
250 1661 290 1725 26
316 1709 322 1722 .
340 1657 361 1723 l.
374 1677 425 1724 20.
450 1657 617 1721 vinolentia
630 1656 755 1739 invitat]
769 1657 846 1720 For.
862 1657 890 1720 le
931 1656 984 1720 nd.
1001 1655 1116 1721 irritat.

196 1675 381 1809 11111122.
405 1743 535 1828 Cogeris
550 1742 744 1828 maledicere]
763 1742 871 1807 Etiam
915 1741 1013 1807 hristo
1026 1742 1204 1808 interdum.

196 1828 280 1892 Ibid.
304 1829 325 1891 l.
340 1847 389 1925 23.
414 1828 618 1913 Compelleris
635 1830 755 1915 jurare,
769 1829 857 1915 quod
876 1852 940 1893 non
959 1829 1045 1917 licet]
1062 1830 1128 1893 Per
1146 1853 1205 1916 ge-

150 1915 238 1978 nium
254 1918 397 1994 Caesarrs,
412 1930 469 1978 aut
483 1915 641 1977 fortunam
657 1916 737 2001 ejus.
783 1917 833 1980 Sic
848 1915 1013 2004 proconsul
1027 1916 1117 2014 apud
1132 1918 1204 1980 Eu-

151 2001 215 2066 seh.
229 2001 281 2066 lih.
297 2002 354 2064 IV.
368 2024 397 2064 c.
412 2017 462 2086 15.
474 2001 542 2064 loco
554 1999 758 2098 praelaudato,
772 2002 948 2090 Polycarpo
958 2001 1072 2088 ingerit
1083 2004 1203 2082 ὄμοσον

150 2089 204 2167 τὴν
224 2091 375 2170 Καίσαρος
393 2091 497 2172 τύχην,
513 2110 564 2151 cut
579 2085 630 2149 ille
645 2087 816 2173 respondit,
830 2093 905 2168 μετὰ
924 2090 1088 2170 casalone
1108 2089 1203 2154 ἄκουε

150 2177 329 2256 Χριστιανός
350 2177 417 2255 εἰμι.
464 2173 601 2238 Proinde
617 2173 833 2238 Tertullianus
852 2174 884 2237 in
900 2173 998 2261 Apol.
1013 2197 1039 2238 c.
1051 2193 1105 2258 32.
1122 2174 1202 2238 dicit

151 2262 352 2326 Christianos
358 2262 493 2347 jurare,
508 2263 590 2324 sicat
604 2282 667 2322 non
683 2281 742 2346 per
752 2262 866 2347 genias
883 2262 1058 2337 Cesaram,
1074 2262 1122 2324 ita
1164 2283 1202 2325 er

148 2349 280 2410 salntem
295 2358 402 2411 eornm
420 2347 494 2429 (hoc
511 2362 557 2409 est
577 2347 699 2430 Deum)
716 2368 786 2432 pace
800 2355 846 2410 est
862 2348 1034 2432 angustior
1051 2285 1200 2412 omnihus

143 2435 262 2519 geniis.
310 2426 442 2496 Interim
462 2448 565 2496 tamen
586 2453 648 2494 non
664 2445 711 2495 est
730 2431 1002 2508 dissimulandum,
1018 2431 1114 2495 verba
1128 2432 1200 2497 haec

147 2518 188 2581 ad
208 2518 455 2582 maledicentiam
477 2533 509 2581 ct
524 2517 654 2605 jurandi
672 2540 777 2596 usum,
793 2518 825 2580 in
845 2517 1004 2581 communi
1021 2517 1097 2594 vita,
1113 2533 1200 2583 recte

146 2628 237 2691 posse
265 2604 386 2668 referri.
427 2606 572 2668 Factus.
630 2603 810 2692 Cyprianus
837 2605 875 2668 de
904 2605 995 2668 Bono
1024 2605 1200 2670 Patientia

146 2713 179 2776 p.
193 2707 266 2775 252.
281 2690 330 2754 ed.
348 2689 626 2754 Baluzii-deindc
644 2700 681 2754 nt
699 2693 881 2776 asnjam,
899 2711 996 2776 neque
1014 2690 1197 2769 maledicas,

146 2785 183 2839 ut
212 2786 268 2839 tna
295 2777 402 2840 ablata
427 2799 491 2840 non
516 2785 651 2863 repetas,
674 2784 712 2839 nt
735 2785 861 2862 accepta
883 2776 980 2862 ahrpa
1003 2784 1033 2839 et
1060 2776 1198 2840 alteram

145 2863 309 2924 masiliam
332 2863 512 2925 verberanti
526 2862 683 2958 prebeas,
701 2870 739 2925 nt
745 2862 859 2946 fratri
877 2863 913 2923 in
933 2871 962 2924 te
974 2863 1120 2947 peccanti
1137 2863 1196 2926 &c

133 2948 258 3024 'Porro,
270 2969 452 3032 quanquam
464 2947 590 3010 mimine
600 2946 778 3032 negandum
788 2946 931 3033 est,quin
939 2945 1068 3034 plurimi
1076 2963 1199 3012 veteres

146 3033 311 3118 scriptores
331 3036 404 3096 κατὰ
424 3033 479 3112 τὴν
497 3032 581 3111 λέξιν
597 3031 792 3118 interpretati
807 3033 868 3097 sint
884 3032 1001 3097 Christi
1016 3047 1047 3097 et
1061 3033 1197 3119 apostoli

145 3119 259 3183 Jacobi
278 3119 318 3183 de
341 3141 404 3182 non
421 3118 560 3206 jurando
582 3131 786 3205 precaeptum,
809 3119 956 3183 discimus
979 3133 1083 3183 tamen
1105 3119 1196 3185 lectis

144 3205 212 3270 aliis
231 3206 411 3271 auctoribus
433 3205 654 3284 ecclesiasticis,
675 3205 761 3291 apud
782 3205 976 3271 Christianos
999 3229 1121 3293 semper
1141 3206 1194 3270 in·

144 3292 277 3357 valuisse
298 3294 356 3358 rite
371 3306 402 3357 et
423 3292 564 3380 religiose
587 3292 711 3356 'urandi
732 3315 863 3356 morem.
903 3295 998 3358 Cons.
1015 3291 1096 3356 enirn
1112 3315 1196 3379 prae-

145 3392 192 3442 ter
208 3379 440 3444 Tertullianum
458 3402 553 3466 supra
567 3317 708 3455 allatum,
722 3380 892 3444 Constitat.
904 3379 1015 3465 Apost.
1027 3378 1078 3442 vii.
1088 3400 1120 3464 3.
1136 3381 1193 3443 Fr.

146 3465 295 3528 Balduin.
318 3467 355 3528 de
377 3467 518 3552 Legibus
543 3467 745 3530 Constantini
766 3467 818 3530 M.
844 3464 899 3529 lib.
921 3466 971 3530 ΙΙ.
994 3489 1026 3553 p.
1045 3485 1116 3549 209.
1142 3466 1191 3531 cd.

146 3549 237 3636 Lips.
262 3553 417 3647 Optatum
432 3552 469 3612 de
484 3551 659 3615 Schismate
672 3553 837 3616 Donatist.
852 3551 908 3616 lib.
923 3553 971 3616 II.
987 3575 1016 3615 c.
1028 3570 1078 3617 22.
1094 3574 1126 3639 p.
1136 3572 1191 3637 45.

145 3634 334 3721 ed.Dup1n.
367 3638 401 3698 S.
414 3636 604 3721 Gregorium
623 3638 702 3701 Naz.
717 3639 866 3723 Epistola
882 3657 954 3723 219.
994 3637 1145 3702 Conferas
1160 3650 1192 3702 et

145 3721 185 3785 de
200 3720 309 3785 eadem
327 3745 361 3784 re
379 3723 417 3784 S..
425 3721 596 3806 Scripturas
612 3720 705 3798 locos,
721 3747 801 3808 quos
819 3724 869 3788 hic
887 3724 1077 3802 memorabo,
1093 3726 1191 3812 Apoc.

145 3831 177 3873 x.
193 3810 223 3872 6.
248 3809 331 3872 Heb.
349 3807 391 3871 vi.
411 3809 526 3888 16.17.
552 3828 566 3869 1
586 3807 697 3870 Thess.
713 3833 741 3871 v.
760 3824 810 3890 27.

189 3894 272 3958 Ibid.
288 3895 375 3979 125.
398 3907 429 3957 et
444 3893 577 3957 delectat
591 3892 642 3956 hic
658 3895 729 3978 &c.]
745 3894 984 3977 Ἐρωτηματικῶς
998 3894 1138 3982 legenda.

189 3983 228 4044 P.
245 3981 316 4046 268.
338 3980 359 4044 l.
377 3999 428 4046 2ο.
453 3979 616 4044 Christum
637 3979 830 4045 credentium
853 3981 1054 4130 magistrum}
1074 3980 1189 4067 Vulg0‚

146 4067 310 4131 Christum
332 4066 522 4130 credentiam
545 4065 718 4129 Dominum
741 4081 773 4131 et
792 4091 821 4130 ns
874 4069 993 4130 ‘stram
1056 4067 1095 4131 ed
1115 4090 1190 4130 vero

133 4141 351 4215 'nescientibus
377 4152 436 4215 hoc
459 4151 707 4216 additamentum
735 4167 799 4217 tarn
823 4090 1190 4240 1111110111111110515111111ιί

144 4237 375 4316 vetustioribus,
392 4260 487 4324 quam
506 4237 593 4305 libris
608 4238 739 4327 scriptis,
755 4263 835 4327 quos
849 4239 914 4325 ipse
929 4239 1057 4317 contuli,
1073 4254 1189 4327 praeter
