<?xml version="1.0" encoding="UTF-8"?>
<!DOCTYPE html PUBLIC "-//W3C//DTD XHTML 1.0 Transitional//EN"
    "http://www.w3.org/TR/xhtml1/DTD/xhtml1-transitional.dtd">
<html xmlns="http://www.w3.org/1999/xhtml" xml:lang="en" lang="en">
 <head>
  <title>
</title>
<meta http-equiv="Content-Type" content="text/html;charset=utf-8" />
  <meta name='ocr-system' content='tesseract 3.04.00' />
  <meta name='ocr-capabilities' content='ocr_page ocr_carea ocr_par ocr_line ocrx_word'/>
</head>
<body>
  <div class='ocr_page' id='page_1' title='image "./scriptorumeccle00unkngoog_0045.png"; bbox 0 0 2678 4830; ppageno 0'>
   <div class='ocr_carea' id='block_1_1' title="bbox 174 306 881 373">
    <p class='ocr_par' dir='ltr' id='par_1_1' title="bbox 174 306 881 373">
     <span class='ocr_line' id='line_1_1' title="bbox 174 306 881 373; baseline -0.003 0"><span class='ocrx_word' id='word_1_1' title='bbox 174 307 217 373; x_wconf 70' lang='lat'>26</span> <span class='ocrx_word' id='word_1_2' title='bbox 507 306 881 371; x_wconf 86' lang='lat' dir='ltr'>ANNOTATIONES</span> 
     </span>
    </p>
   </div>
   <div class='ocr_carea' id='block_1_2' title="bbox 140 477 1226 4098">
    <p class='ocr_par' dir='ltr' id='par_1_2' title="bbox 173 477 1212 667">
     <span class='ocr_line' id='line_1_2' title="bbox 173 477 1212 569; baseline 0.002 -24"><span class='ocrx_word' id='word_1_3' title='bbox 173 481 415 545; x_wconf 73' lang='lat' dir='ltr'>simulacrorum</span> <span class='ocrx_word' id='word_1_4' title='bbox 427 480 587 552; x_wconf 64' lang='lat' dir='ltr'>servitem</span> <span class='ocrx_word' id='word_1_5' title='bbox 612 477 664 542; x_wconf 91' lang='lat' dir='ltr'>sed</span> <span class='ocrx_word' id='word_1_6' title='bbox 686 500 749 541; x_wconf 92' lang='lat' dir='ltr'>non</span> <span class='ocrx_word' id='word_1_7' title='bbox 769 501 858 565; x_wconf 87' lang='lat' dir='ltr'>aeque</span> <span class='ocrx_word' id='word_1_8' title='bbox 877 477 975 542; x_wconf 83' lang='lat' dir='ltr'>facilis</span> <span class='ocrx_word' id='word_1_9' title='bbox 994 492 1041 543; x_wconf 89' lang='lat' dir='ltr'>est</span> <span class='ocrx_word' id='word_1_10' title='bbox 1061 482 1212 569; x_wconf 83' lang='lat' dir='ltr'>expositio</span> 
     </span>
     <span class='ocr_line' id='line_1_3' title="bbox 174 563 1197 667; baseline 0.005 -38"><span class='ocrx_word' id='word_1_11' title='bbox 174 565 259 630; x_wconf 86' lang='lat' dir='ltr'>vocis</span> <span class='ocrx_word' id='word_1_12' title='bbox 272 567 431 643; x_wconf 72' lang='grc' dir='ltr'>πλεονεξία</span> <span class='ocrx_word' id='word_1_13' title='bbox 445 563 493 628; x_wconf 83' lang='lat' dir='ltr'>vel</span> <span class='ocrx_word' id='word_1_14' title='bbox 508 563 595 652; x_wconf 79' lang='lat' dir='ltr'>apud</span> <span class='ocrx_word' id='word_1_15' title='bbox 609 563 795 662; x_wconf 83' lang='lat' dir='ltr'>apostolum,</span> <span class='ocrx_word' id='word_1_16' title='bbox 811 564 860 628; x_wconf 91' lang='lat' dir='ltr'>vel</span> <span class='ocrx_word' id='word_1_17' title='bbox 873 565 958 663; x_wconf 81' lang='lat' dir='ltr'>apud</span> <span class='ocrx_word' id='word_1_18' title='bbox 975 566 1197 667; x_wconf 73' lang='lat' dir='ltr'><strong>Polycarpum.</strong></span> 
     </span>
    </p>

    <p class='ocr_par' dir='ltr' id='par_1_3' title="bbox 174 650 1214 890">
     <span class='ocr_line' id='line_1_4' title="bbox 218 650 1212 749; baseline 0.004 -33"><span class='ocrx_word' id='word_1_19' title='bbox 218 654 258 717; x_wconf 91' lang='lat' dir='ltr'>P.</span> <span class='ocrx_word' id='word_1_20' title='bbox 273 654 323 716; x_wconf 91' lang='lat'>18.</span> <span class='ocrx_word' id='word_1_21' title='bbox 339 650 360 714; x_wconf 94' lang='lat' dir='ltr'>l.</span> <span class='ocrx_word' id='word_1_22' title='bbox 376 670 427 734; x_wconf 77' lang='lat'>27.</span> <span class='ocrx_word' id='word_1_23' title='bbox 449 651 504 738; x_wconf 92' lang='lat' dir='ltr'>qui</span> <span class='ocrx_word' id='word_1_24' title='bbox 531 651 603 715; x_wconf 88' lang='lat' dir='ltr'>estis</span> <span class='ocrx_word' id='word_1_25' title='bbox 628 673 660 714; x_wconf 90' lang='lat' dir='ltr'>m</span> <span class='ocrx_word' id='word_1_26' title='bbox 683 651 835 749; x_wconf 91' lang='lat' dir='ltr'>principio</span> <span class='ocrx_word' id='word_1_27' title='bbox 858 650 995 739; x_wconf 61' lang='lat' dir='ltr'>epistolae</span> <span class='ocrx_word' id='word_1_28' title='bbox 1017 654 1102 742; x_wconf 87' lang='lat' dir='ltr'>eus]</span> <span class='ocrx_word' id='word_1_29' title='bbox 1128 657 1212 742; x_wconf 88' lang='lat' dir='ltr'>Sup-</span> 
     </span>
     <span class='ocr_line' id='line_1_5' title="bbox 174 676 1214 830; baseline 0.003 -27"><span class='ocrx_word' id='word_1_30' title='bbox 174 738 259 826; x_wconf 91' lang='lat' dir='ltr'>plere</span> <span class='ocrx_word' id='word_1_31' title='bbox 274 737 343 826; x_wconf 86' lang='lat' dir='ltr'>vult</span> <span class='ocrx_word' id='word_1_32' title='bbox 364 736 504 802; x_wconf 89' lang='lat' dir='ltr'>Smithus</span> <span class='ocrx_word' id='word_1_33' title='bbox 522 738 656 816; x_wconf 69' lang='lat' dir='ltr'>luridati,</span> <span class='ocrx_word' id='word_1_34' title='bbox 671 737 719 800; x_wconf 90' lang='lat' dir='ltr'>vel</span> <span class='ocrx_word' id='word_1_35' title='bbox 736 737 897 825; x_wconf 78' lang='lat' dir='ltr'>quippiam</span> <span class='ocrx_word' id='word_1_36' title='bbox 917 738 986 802; x_wconf 79' lang='lat' dir='ltr'>tale.</span> <span class='ocrx_word' id='word_1_37' title='bbox 1023 676 1106 804; x_wconf 69' lang='lat' dir='ltr'>lide</span> <span class='ocrx_word' id='word_1_38' title='bbox 1121 764 1214 830; x_wconf 86' lang='lat' dir='ltr'>supra</span> 
     </span>
     <span class='ocr_line' id='line_1_6' title="bbox 174 844 288 890; baseline -0.018 0"><span class='ocrx_word' id='word_1_39' title='bbox 174 847 210 890; x_wconf 80' lang='grc' dir='ltr'>οι</span> <span class='ocrx_word' id='word_1_40' title='bbox 236 844 288 888; x_wconf 91' lang='lat'>.1.</span> 
     </span>
    </p>

    <p class='ocr_par' dir='ltr' id='par_1_4' title="bbox 175 847 1214 1251">
     <span class='ocr_line' id='line_1_7' title="bbox 210 847 1214 1002; baseline 0 -26"><span class='ocrx_word' id='word_1_41' title='bbox 210 847 256 976; x_wconf 58' lang='lat' dir='ltr'>1l’.</span> <span class='ocrx_word' id='word_1_42' title='bbox 277 930 327 993; x_wconf 90' lang='lat'>19.</span> <span class='ocrx_word' id='word_1_43' title='bbox 350 909 373 973; x_wconf 89' lang='lat' dir='ltr'>l.</span> <span class='ocrx_word' id='word_1_44' title='bbox 389 925 421 994; x_wconf 83' lang='lat'>5.</span> <span class='ocrx_word' id='word_1_45' title='bbox 445 924 477 974; x_wconf 91' lang='lat' dir='ltr'>et</span> <span class='ocrx_word' id='word_1_46' title='bbox 498 909 575 975; x_wconf 90' lang='lat' dir='ltr'>nihil</span> <span class='ocrx_word' id='word_1_47' title='bbox 596 933 651 973; x_wconf 83' lang='lat' dir='ltr'>vos</span> <span class='ocrx_word' id='word_1_48' title='bbox 671 909 770 996; x_wconf 76' lang='lat' dir='ltr'>latet]</span> <span class='ocrx_word' id='word_1_49' title='bbox 794 909 853 974; x_wconf 90' lang='lat' dir='ltr'>Ait</span> <span class='ocrx_word' id='word_1_50' title='bbox 875 912 906 974; x_wconf 92' lang='lat' dir='ltr'>S.</span> <span class='ocrx_word' id='word_1_51' title='bbox 919 912 1058 975; x_wconf 85' lang='lat' dir='ltr'>Joaunes</span> <span class='ocrx_word' id='word_1_52' title='bbox 1079 911 1113 976; x_wconf 94' lang='lat' dir='ltr'>in</span> <span class='ocrx_word' id='word_1_53' title='bbox 1131 915 1214 1002; x_wconf 70' lang='lat' dir='ltr'>Epi·</span> 
     </span>
     <span class='ocr_line' id='line_1_8' title="bbox 175 997 1213 1080; baseline 0.003 -18"><span class='ocrx_word' id='word_1_54' title='bbox 175 998 268 1075; x_wconf 75' lang='lat' dir='ltr'>stola,</span> <span class='ocrx_word' id='word_1_55' title='bbox 283 997 342 1060; x_wconf 81' lang='grc' dir='ltr'>Καὶ</span> <span class='ocrx_word' id='word_1_56' title='bbox 355 998 437 1075; x_wconf 80' lang='grc' dir='ltr'>ὑμεῖς</span> <span class='ocrx_word' id='word_1_57' title='bbox 450 999 564 1080; x_wconf 88' lang='grc' dir='ltr'>χρίσμα</span> <span class='ocrx_word' id='word_1_58' title='bbox 578 997 663 1080; x_wconf 84' lang='grc' dir='ltr'>έχετε</span> <span class='ocrx_word' id='word_1_59' title='bbox 678 997 803 1061; x_wconf 76' lang='grc' dir='ltr'>ἀπὸτοῦ</span> <span class='ocrx_word' id='word_1_60' title='bbox 817 999 911 1079; x_wconf 81' lang='grc' dir='ltr'>ἁγίου,</span> <span class='ocrx_word' id='word_1_61' title='bbox 929 999 976 1060; x_wconf 81' lang='grc' dir='ltr'>καὶ</span> <span class='ocrx_word' id='word_1_62' title='bbox 991 1001 1090 1062; x_wconf 81' lang='grc' dir='ltr'>οἴδατε</span> <span class='ocrx_word' id='word_1_63' title='bbox 1104 1000 1213 1078; x_wconf 90' lang='grc' dir='ltr'>πάντα,</span> 
     </span>
     <span class='ocr_line' id='line_1_9' title="bbox 177 1082 1214 1169; baseline 0.001 -20"><span class='ocrx_word' id='word_1_64' title='bbox 177 1083 300 1149; x_wconf 85' lang='lat' dir='ltr'>lJoan.</span> <span class='ocrx_word' id='word_1_65' title='bbox 315 1082 347 1146; x_wconf 90' lang='lat' dir='ltr'>ii.</span> <span class='ocrx_word' id='word_1_66' title='bbox 364 1102 412 1146; x_wconf 75' lang='grc' dir='ltr'>νο.</span> <span class='ocrx_word' id='word_1_67' title='bbox 467 1083 570 1147; x_wconf 80' lang='lat' dir='ltr'>Verba</span> <span class='ocrx_word' id='word_1_68' title='bbox 591 1098 707 1162; x_wconf 87' lang='lat' dir='ltr'>autem,</span> <span class='ocrx_word' id='word_1_69' title='bbox 730 1106 802 1169; x_wconf 88' lang='lat' dir='ltr'>quae</span> <span class='ocrx_word' id='word_1_70' title='bbox 823 1098 1007 1168; x_wconf 87' lang='lat' dir='ltr'>sequuntur,</span> <span class='ocrx_word' id='word_1_71' title='bbox 1030 1085 1111 1147; x_wconf 77' lang='lat' dir='ltr'>milti</span> <span class='ocrx_word' id='word_1_72' title='bbox 1132 1088 1214 1150; x_wconf 74' lang='lat' dir='ltr'>enim</span> 
     </span>
     <span class='ocr_line' id='line_1_10' title="bbox 175 1168 1115 1251; baseline 0 -17"><span class='ocrx_word' id='word_1_73' title='bbox 175 1193 238 1234; x_wconf 84' lang='lat' dir='ltr'>noo</span> <span class='ocrx_word' id='word_1_74' title='bbox 253 1179 298 1233; x_wconf 79' lang='lat' dir='ltr'>est</span> <span class='ocrx_word' id='word_1_75' title='bbox 312 1190 487 1234; x_wconf 78' lang='lat' dir='ltr'>comessum</span> <span class='ocrx_word' id='word_1_76' title='bbox 503 1170 601 1248; x_wconf 82' lang='lat' dir='ltr'>modo,</span> <span class='ocrx_word' id='word_1_77' title='bbox 617 1174 829 1251; x_wconf 84' lang='grc' dir='ltr'>παρενθετικῶς</span> <span class='ocrx_word' id='word_1_78' title='bbox 865 1168 944 1232; x_wconf 84' lang='lat' dir='ltr'>osita</span> <span class='ocrx_word' id='word_1_79' title='bbox 957 1169 1115 1235; x_wconf 89' lang='lat' dir='ltr'>videntur.</span> 
     </span>
    </p>

    <p class='ocr_par' dir='ltr' id='par_1_5' title="bbox 176 1254 1219 2286">
     <span class='ocr_line' id='line_1_11' title="bbox 220 1254 1214 1344; baseline 0.002 -24"><span class='ocrx_word' id='word_1_80' title='bbox 220 1256 304 1320; x_wconf 91' lang='lat' dir='ltr'>Ibid.</span> <span class='ocrx_word' id='word_1_81' title='bbox 319 1254 341 1318; x_wconf 91' lang='lat' dir='ltr'>l.</span> <span class='ocrx_word' id='word_1_82' title='bbox 358 1274 409 1321; x_wconf 80' lang='lat'>21.</span> <span class='ocrx_word' id='word_1_83' title='bbox 430 1254 586 1340; x_wconf 90' lang='grc' dir='ltr'>Ἰγνάτιος]</span> <span class='ocrx_word' id='word_1_84' title='bbox 606 1257 753 1341; x_wconf 73' lang='lat' dir='ltr'>Epistola</span> <span class='ocrx_word' id='word_1_85' title='bbox 772 1257 815 1319; x_wconf 87' lang='lat' dir='ltr'>od</span> <span class='ocrx_word' id='word_1_86' title='bbox 864 1256 1056 1343; x_wconf 70' lang='lat' dir='ltr'>olpcarpum,</span> <span class='ocrx_word' id='word_1_87' title='bbox 1072 1279 1109 1320; x_wconf 80' lang='lat' dir='ltr'>ce</span> <span class='ocrx_word' id='word_1_88' title='bbox 1132 1280 1166 1344; x_wconf 91' lang='lat' dir='ltr'>p.</span> <span class='ocrx_word' id='word_1_89' title='bbox 1183 1277 1214 1342; x_wconf 89' lang='lat'>7.</span> 
     </span>
     <span class='ocr_line' id='line_1_12' title="bbox 176 1280 1214 1492; baseline 0.001 -86"><span class='ocrx_word' id='word_1_90' title='bbox 176 1355 208 1406; x_wconf 91' lang='lat' dir='ltr'>et</span> <span class='ocrx_word' id='word_1_91' title='bbox 223 1343 254 1406; x_wconf 89' lang='lat'>8.</span> <span class='ocrx_word' id='word_1_92' title='bbox 299 1343 401 1428; x_wconf 89' lang='lat' dir='ltr'>Cujus</span> <span class='ocrx_word' id='word_1_93' title='bbox 419 1340 545 1492; x_wconf 61' lang='lat' dir='ltr'>puidem</span> <span class='ocrx_word' id='word_1_94' title='bbox 561 1341 712 1491; x_wconf 64' lang='lat' dir='ltr'>Epistolae</span> <span class='ocrx_word' id='word_1_95' title='bbox 727 1341 935 1428; x_wconf 83' lang='lat' dir='ltr'>fragmentum</span> <span class='ocrx_word' id='word_1_96' title='bbox 951 1364 1034 1406; x_wconf 92' lang='lat' dir='ltr'>nunc</span> <span class='ocrx_word' id='word_1_97' title='bbox 1047 1280 1214 1429; x_wconf 66' lang='lat' dir='ltr'>prolhmm,</span> 
     </span>
     <span class='ocr_line' id='line_1_13' title="bbox 176 1427 1216 1516; baseline 0.002 -24"><span class='ocrx_word' id='word_1_98' title='bbox 176 1429 235 1494; x_wconf 92' lang='lat' dir='ltr'>hoc</span> <span class='ocrx_word' id='word_1_99' title='bbox 250 1451 361 1516; x_wconf 92' lang='lat' dir='ltr'>usque,</span> <span class='ocrx_word' id='word_1_100' title='bbox 376 1427 408 1491; x_wconf 87' lang='lat' dir='ltr'>ni</span> <span class='ocrx_word' id='word_1_101' title='bbox 436 1428 522 1506; x_wconf 82' lang='lat' dir='ltr'>ahor,</span> <span class='ocrx_word' id='word_1_102' title='bbox 538 1428 588 1492; x_wconf 92' lang='lat' dir='ltr'>ine</span> <span class='ocrx_word' id='word_1_103' title='bbox 611 1428 710 1502; x_wconf 91' lang='lat' dir='ltr'>itnm;</span> <span class='ocrx_word' id='word_1_104' title='bbox 734 1443 817 1493; x_wconf 84' lang='lat' dir='ltr'>certe</span> <span class='ocrx_word' id='word_1_105' title='bbox 838 1428 924 1492; x_wconf 86' lang='lat' dir='ltr'>haud</span> <span class='ocrx_word' id='word_1_106' title='bbox 945 1429 1105 1493; x_wconf 83' lang='lat' dir='ltr'>extensio</span> <span class='ocrx_word' id='word_1_107' title='bbox 1125 1430 1216 1494; x_wconf 88' lang='lat' dir='ltr'>editi-</span> 
     </span>
     <span class='ocr_line' id='line_1_14' title="bbox 177 1513 1218 1602; baseline 0.001 -23"><span class='ocrx_word' id='word_1_108' title='bbox 177 1516 289 1580; x_wconf 85' lang='lat' dir='ltr'>onibus</span> <span class='ocrx_word' id='word_1_109' title='bbox 299 1514 348 1578; x_wconf 87' lang='lat' dir='ltr'>vel</span> <span class='ocrx_word' id='word_1_110' title='bbox 360 1538 452 1589; x_wconf 78' lang='lat' dir='ltr'>verce,</span> <span class='ocrx_word' id='word_1_111' title='bbox 464 1513 512 1578; x_wconf 89' lang='lat' dir='ltr'>vel</span> <span class='ocrx_word' id='word_1_112' title='bbox 526 1514 729 1599; x_wconf 85' lang='lat' dir='ltr'>interpolatae,</span> <span class='ocrx_word' id='word_1_113' title='bbox 741 1514 878 1601; x_wconf 86' lang='lat' dir='ltr'>epistolae</span> <span class='ocrx_word' id='word_1_114' title='bbox 891 1515 1006 1601; x_wconf 86' lang='lat' dir='ltr'>Ignatii</span> <span class='ocrx_word' id='word_1_115' title='bbox 1017 1516 1058 1580; x_wconf 85' lang='lat' dir='ltr'>od</span> <span class='ocrx_word' id='word_1_116' title='bbox 1070 1515 1218 1602; x_wconf 81' lang='lat' dir='ltr'>Polycar-</span> 
     </span>
     <span class='ocr_line' id='line_1_15' title="bbox 178 1600 1217 1688; baseline 0.001 -23"><span class='ocrx_word' id='word_1_117' title='bbox 178 1624 264 1688; x_wconf 90' lang='lat' dir='ltr'><strong>pum.</strong></span> <span class='ocrx_word' id='word_1_118' title='bbox 310 1600 416 1664; x_wconf 84' lang='lat' dir='ltr'>Affert</span> <span class='ocrx_word' id='word_1_119' title='bbox 434 1600 513 1664; x_wconf 93' lang='lat' dir='ltr'>illud</span> <span class='ocrx_word' id='word_1_120' title='bbox 532 1601 661 1664; x_wconf 86' lang='lat' dir='ltr'>Marcus</span> <span class='ocrx_word' id='word_1_121' title='bbox 681 1601 845 1686; x_wconf 85' lang='lat' dir='ltr'>Eugenius</span> <span class='ocrx_word' id='word_1_122' title='bbox 866 1601 1061 1687; x_wconf 84' lang='lat' dir='ltr'><strong>metropolita</strong></span> <span class='ocrx_word' id='word_1_123' title='bbox 1080 1603 1217 1688; x_wconf 89' lang='lat' dir='ltr'>Ephesi·</span> 
     </span>
     <span class='ocr_line' id='line_1_16' title="bbox 178 1687 1218 1776; baseline 0.001 -25"><span class='ocrx_word' id='word_1_124' title='bbox 178 1710 238 1751; x_wconf 91' lang='lat' dir='ltr'>nus</span> <span class='ocrx_word' id='word_1_125' title='bbox 261 1687 293 1751; x_wconf 89' lang='lat' dir='ltr'>in</span> <span class='ocrx_word' id='word_1_126' title='bbox 314 1687 516 1771; x_wconf 76' lang='lat' dir='ltr'>Cmtfistionc</span> <span class='ocrx_word' id='word_1_127' title='bbox 539 1710 595 1750; x_wconf 87' lang='lat' dir='ltr'>sua</span> <span class='ocrx_word' id='word_1_128' title='bbox 614 1688 707 1750; x_wconf 76' lang='lat' dir='ltr'>Fidei</span> <span class='ocrx_word' id='word_1_129' title='bbox 730 1711 825 1775; x_wconf 88' lang='lat' dir='ltr'>penes</span> <span class='ocrx_word' id='word_1_130' title='bbox 848 1689 889 1752; x_wconf 91' lang='lat' dir='ltr'>D.</span> <span class='ocrx_word' id='word_1_131' title='bbox 905 1689 1059 1753; x_wconf 79' lang='lat' dir='ltr'>loannem</span> <span class='ocrx_word' id='word_1_132' title='bbox 1084 1688 1218 1776; x_wconf 89' lang='lat' dir='ltr'>Philhps</span> 
     </span>
     <span class='ocr_line' id='line_1_17' title="bbox 179 1772 1218 1859; baseline 0.004 -23"><span class='ocrx_word' id='word_1_133' title='bbox 179 1775 385 1837; x_wconf 81' lang='lat' dir='ltr'>Beronettum</span> <span class='ocrx_word' id='word_1_134' title='bbox 396 1772 503 1836; x_wconf 92' lang='lat' dir='ltr'>codice</span> <span class='ocrx_word' id='word_1_135' title='bbox 518 1774 626 1836; x_wconf 82' lang='lat' dir='ltr'>Msto.</span> <span class='ocrx_word' id='word_1_136' title='bbox 649 1774 707 1837; x_wconf 88' lang='grc' dir='ltr'>Καὶ</span> <span class='ocrx_word' id='word_1_137' title='bbox 721 1774 777 1856; x_wconf 84' lang='grc' dir='ltr'>πρὸ</span> <span class='ocrx_word' id='word_1_138' title='bbox 793 1777 903 1839; x_wconf 86' lang='grc' dir='ltr'>τούτων</span> <span class='ocrx_word' id='word_1_139' title='bbox 918 1777 934 1837; x_wconf 86' lang='grc' dir='ltr'>ὁ</span> <span class='ocrx_word' id='word_1_140' title='bbox 950 1777 1108 1858; x_wconf 83' lang='grc' dir='ltr'>Θεοφόρος</span> <span class='ocrx_word' id='word_1_141' title='bbox 1121 1775 1218 1859; x_wconf 81' lang='grc' dir='ltr'>Ἰγνά</span> 
     </span>
     <span class='ocr_line' id='line_1_18' title="bbox 179 1858 1216 1942; baseline 0.003 -19"><span class='ocrx_word' id='word_1_142' title='bbox 179 1885 240 1927; x_wconf 89' lang='grc' dir='ltr'>τιος</span> <span class='ocrx_word' id='word_1_143' title='bbox 261 1862 294 1924; x_wconf 87' lang='grc' dir='ltr'>έν</span> <span class='ocrx_word' id='word_1_144' title='bbox 313 1863 347 1938; x_wconf 77' lang='grc' dir='ltr'>τῇ</span> <span class='ocrx_word' id='word_1_145' title='bbox 368 1858 440 1940; x_wconf 83' lang='grc' dir='ltr'>πρὸς</span> <span class='ocrx_word' id='word_1_146' title='bbox 460 1860 513 1923; x_wconf 84' lang='grc' dir='ltr'>τὸν</span> <span class='ocrx_word' id='word_1_147' title='bbox 534 1864 614 1922; x_wconf 78' lang='grc' dir='ltr'>θεῖον</span> <span class='ocrx_word' id='word_1_148' title='bbox 634 1861 833 1941; x_wconf 82' lang='grc' dir='ltr'>Πολύκαρπον</span> <span class='ocrx_word' id='word_1_149' title='bbox 847 1860 899 1924; x_wconf 83' lang='grc' dir='ltr'>τὸν</span> <span class='ocrx_word' id='word_1_150' title='bbox 915 1864 1045 1942; x_wconf 80' lang='grc' dir='ltr'>Σμύρνης</span> <span class='ocrx_word' id='word_1_151' title='bbox 1061 1864 1216 1942; x_wconf 75' lang='grc' dir='ltr'>ἐπιστολῇ.</span> 
     </span>
     <span class='ocr_line' id='line_1_19' title="bbox 180 1945 1217 2030; baseline 0.005 -22"><span class='ocrx_word' id='word_1_152' title='bbox 180 1951 246 2012; x_wconf 81' lang='grc' dir='ltr'>Πᾶς</span> <span class='ocrx_word' id='word_1_153' title='bbox 266 1949 282 2008; x_wconf 84' lang='grc' dir='ltr'>ὁ</span> <span class='ocrx_word' id='word_1_154' title='bbox 302 1945 413 2027; x_wconf 88' lang='grc' dir='ltr'>λέγων,</span> <span class='ocrx_word' id='word_1_155' title='bbox 430 1948 514 2027; x_wconf 86' lang='grc' dir='ltr'>φησὶ,</span> <span class='ocrx_word' id='word_1_156' title='bbox 531 1948 610 2026; x_wconf 74' lang='grc' dir='ltr'>παρὰ</span> <span class='ocrx_word' id='word_1_157' title='bbox 628 1949 666 2009; x_wconf 76' lang='grc' dir='ltr'>τὰ</span> <span class='ocrx_word' id='word_1_158' title='bbox 685 1946 907 2028; x_wconf 87' lang='grc' dir='ltr'>διατετάγμενα,</span> <span class='ocrx_word' id='word_1_159' title='bbox 928 1945 982 2030; x_wconf 76' lang='grc' dir='ltr'>κᾷν</span> <span class='ocrx_word' id='word_1_160' title='bbox 999 1950 1167 2026; x_wconf 77' lang='grc' dir='ltr'>ἀξιόπιστος</span> <span class='ocrx_word' id='word_1_161' title='bbox 1187 1947 1217 2029; x_wconf 80' lang='grc' dir='ltr'>ᾖ,</span> 
     </span>
     <span class='ocr_line' id='line_1_20' title="bbox 181 2029 1217 2116; baseline 0.003 -22"><span class='ocrx_word' id='word_1_162' title='bbox 181 2029 236 2114; x_wconf 72' lang='grc' dir='ltr'>κᾷν</span> <span class='ocrx_word' id='word_1_163' title='bbox 251 2032 387 2111; x_wconf 80' lang='grc' dir='ltr'>νηστεύη,</span> <span class='ocrx_word' id='word_1_164' title='bbox 410 2030 465 2115; x_wconf 76' lang='grc' dir='ltr'>κᾷν</span> <span class='ocrx_word' id='word_1_165' title='bbox 483 2032 658 2113; x_wconf 78' lang='grc' dir='ltr'>παρθενεύη,</span> <span class='ocrx_word' id='word_1_166' title='bbox 678 2029 732 2114; x_wconf 72' lang='grc' dir='ltr'>κᾷν</span> <span class='ocrx_word' id='word_1_167' title='bbox 750 2039 857 2112; x_wconf 85' lang='grc' dir='ltr'>σημεῖα</span> <span class='ocrx_word' id='word_1_168' title='bbox 872 2036 951 2111; x_wconf 78' lang='grc' dir='ltr'>ποιῇ,</span> <span class='ocrx_word' id='word_1_169' title='bbox 968 2032 1023 2116; x_wconf 77' lang='grc' dir='ltr'>κᾷν</span> <span class='ocrx_word' id='word_1_170' title='bbox 1036 2038 1217 2116; x_wconf 78' lang='grc' dir='ltr'>προφητείη,</span> 
     </span>
     <span class='ocr_line' id='line_1_21' title="bbox 179 2116 1219 2202; baseline 0.006 -22"><span class='ocrx_word' id='word_1_171' title='bbox 179 2119 268 2184; x_wconf 81' lang='grc' dir='ltr'>λύκος</span> <span class='ocrx_word' id='word_1_172' title='bbox 297 2144 346 2180; x_wconf 89' lang='grc' dir='ltr'>σοι</span> <span class='ocrx_word' id='word_1_173' title='bbox 370 2117 523 2200; x_wconf 76' lang='grc' dir='ltr'>φαινέσθω</span> <span class='ocrx_word' id='word_1_174' title='bbox 551 2120 584 2181; x_wconf 81' lang='grc' dir='ltr'>ἐν</span> <span class='ocrx_word' id='word_1_175' title='bbox 607 2118 758 2198; x_wconf 81' lang='grc' dir='ltr'>προβάτου</span> <span class='ocrx_word' id='word_1_176' title='bbox 784 2116 891 2199; x_wconf 85' lang='grc' dir='ltr'>δέρατι,</span> <span class='ocrx_word' id='word_1_177' title='bbox 917 2118 1076 2199; x_wconf 82' lang='grc' dir='ltr'>προβάτων</span> <span class='ocrx_word' id='word_1_178' title='bbox 1102 2125 1219 2202; x_wconf 79' lang='grc' dir='ltr'>φθοράν</span> 
     </span>
     <span class='ocr_line' id='line_1_22' title="bbox 182 2205 437 2286; baseline -0.012 -19"><span class='ocrx_word' id='word_1_179' title='bbox 182 2205 437 2286; x_wconf 80' lang='grc' dir='ltr'>κατεργαζόμενος.</span> 
     </span>
    </p>

    <p class='ocr_par' dir='ltr' id='par_1_6' title="bbox 140 2287 1226 4098">
     <span class='ocr_line' id='line_1_23' title="bbox 225 2287 1220 2375; baseline 0 -22"><span class='ocrx_word' id='word_1_180' title='bbox 225 2289 311 2354; x_wconf 83' lang='lat' dir='ltr'>Ibid.</span> <span class='ocrx_word' id='word_1_181' title='bbox 325 2288 345 2352; x_wconf 89' lang='lat' dir='ltr'>l.</span> <span class='ocrx_word' id='word_1_182' title='bbox 362 2309 412 2375; x_wconf 81' lang='lat'>23.</span> <span class='ocrx_word' id='word_1_183' title='bbox 437 2290 484 2353; x_wconf 86' lang='grc' dir='ltr'>καὶ</span> <span class='ocrx_word' id='word_1_184' title='bbox 509 2292 546 2353; x_wconf 77' lang='grc' dir='ltr'>τὰ</span> <span class='ocrx_word' id='word_1_185' title='bbox 568 2287 634 2370; x_wconf 89' lang='grc' dir='ltr'>παρ’</span> <span class='ocrx_word' id='word_1_186' title='bbox 658 2291 737 2369; x_wconf 81' lang='grc' dir='ltr'>ὑμῶν</span> <span class='ocrx_word' id='word_1_187' title='bbox 762 2292 927 2370; x_wconf 87' lang='grc' dir='ltr'>άποκομίση</span> <span class='ocrx_word' id='word_1_188' title='bbox 951 2289 1116 2372; x_wconf 85' lang='grc' dir='ltr'>γράμματα,</span> <span class='ocrx_word' id='word_1_189' title='bbox 1147 2292 1220 2372; x_wconf 83' lang='grc' dir='ltr'>ὅπερ</span> 
     </span>
     <span class='ocr_line' id='line_1_24' title="bbox 181 2373 1220 2463; baseline 0 -23"><span class='ocrx_word' id='word_1_190' title='bbox 181 2376 307 2460; x_wconf 82' lang='grc' dir='ltr'>ποιήσω]</span> <span class='ocrx_word' id='word_1_191' title='bbox 322 2377 385 2440; x_wconf 93' lang='lat' dir='ltr'>Pro</span> <span class='ocrx_word' id='word_1_192' title='bbox 395 2378 475 2457; x_wconf 85' lang='grc' dir='ltr'>ὑμῶν</span> <span class='ocrx_word' id='word_1_193' title='bbox 489 2375 521 2438; x_wconf 94' lang='lat' dir='ltr'>in</span> <span class='ocrx_word' id='word_1_194' title='bbox 537 2373 717 2462; x_wconf 91' lang='lat' dir='ltr'>Nicephoro</span> <span class='ocrx_word' id='word_1_195' title='bbox 727 2389 758 2438; x_wconf 90' lang='lat' dir='ltr'>et</span> <span class='ocrx_word' id='word_1_196' title='bbox 772 2376 959 2463; x_wconf 84' lang='lat' dir='ltr'>quibusdam</span> <span class='ocrx_word' id='word_1_197' title='bbox 974 2376 1101 2440; x_wconf 87' lang='lat' dir='ltr'>Eusebii</span> <span class='ocrx_word' id='word_1_198' title='bbox 1116 2399 1220 2440; x_wconf 87' lang='lat' dir='ltr'>exem-</span> 
     </span>
     <span class='ocr_line' id='line_1_25' title="bbox 181 2461 1221 2550; baseline 0.001 -25"><span class='ocrx_word' id='word_1_199' title='bbox 181 2461 320 2548; x_wconf 86' lang='lat' dir='ltr'>plaribus</span> <span class='ocrx_word' id='word_1_200' title='bbox 340 2462 455 2550; x_wconf 88' lang='lat' dir='ltr'>legitur</span> <span class='ocrx_word' id='word_1_201' title='bbox 475 2463 567 2542; x_wconf 80' lang='grc' dir='ltr'>ἡμῶν,</span> <span class='ocrx_word' id='word_1_202' title='bbox 583 2461 668 2548; x_wconf 94' lang='lat' dir='ltr'>quod</span> <span class='ocrx_word' id='word_1_203' title='bbox 683 2476 715 2527; x_wconf 91' lang='lat' dir='ltr'>et</span> <span class='ocrx_word' id='word_1_204' title='bbox 734 2463 872 2526; x_wconf 87' lang='lat' dir='ltr'>Rufinus</span> <span class='ocrx_word' id='word_1_205' title='bbox 888 2477 1011 2526; x_wconf 92' lang='lat' dir='ltr'>secutus</span> <span class='ocrx_word' id='word_1_206' title='bbox 1026 2462 1121 2525; x_wconf 87' lang='lat' dir='ltr'>fuisse</span> <span class='ocrx_word' id='word_1_207' title='bbox 1136 2462 1221 2526; x_wconf 88' lang='lat' dir='ltr'>vide-</span> 
     </span>
     <span class='ocr_line' id='line_1_26' title="bbox 182 2548 1221 2636; baseline -0.003 -23"><span class='ocrx_word' id='word_1_208' title='bbox 182 2563 245 2626; x_wconf 90' lang='lat' dir='ltr'>tur,</span> <span class='ocrx_word' id='word_1_209' title='bbox 269 2572 368 2635; x_wconf 92' lang='lat' dir='ltr'>quum</span> <span class='ocrx_word' id='word_1_210' title='bbox 391 2548 540 2626; x_wconf 87' lang='lat' dir='ltr'><strong>reddidit,</strong></span> <span class='ocrx_word' id='word_1_211' title='bbox 562 2549 685 2634; x_wconf 66' lang='lat' dir='ltr'>deflerat</span> <span class='ocrx_word' id='word_1_212' title='bbox 705 2550 826 2612; x_wconf 72' lang='lat' dir='ltr'>litteras</span> <span class='ocrx_word' id='word_1_213' title='bbox 848 2550 891 2612; x_wconf 89' lang='lat' dir='ltr'>od</span> <span class='ocrx_word' id='word_1_214' title='bbox 912 2570 977 2628; x_wconf 82' lang='lat' dir='ltr'>vos,</span> <span class='ocrx_word' id='word_1_215' title='bbox 999 2562 1031 2611; x_wconf 93' lang='lat' dir='ltr'>et</span> <span class='ocrx_word' id='word_1_216' title='bbox 1052 2548 1221 2636; x_wconf 86' lang='lat' dir='ltr'>Polycarpi</span> 
     </span>
     <span class='ocr_line' id='line_1_27' title="bbox 182 2634 1219 2723; baseline 0 -24"><span class='ocrx_word' id='word_1_217' title='bbox 182 2637 281 2699; x_wconf 90' lang='lat' dir='ltr'>Vetus</span> <span class='ocrx_word' id='word_1_218' title='bbox 297 2636 456 2721; x_wconf 91' lang='lat' dir='ltr'>Interpres</span> <span class='ocrx_word' id='word_1_219' title='bbox 469 2657 569 2721; x_wconf 92' lang='lat' dir='ltr'>quum</span> <span class='ocrx_word' id='word_1_220' title='bbox 584 2634 688 2712; x_wconf 90' lang='lat' dir='ltr'>vertit,</span> <span class='ocrx_word' id='word_1_221' title='bbox 699 2636 823 2720; x_wconf 80' lang='lat' dir='ltr'>defirot</span> <span class='ocrx_word' id='word_1_222' title='bbox 835 2636 957 2699; x_wconf 81' lang='lat' dir='ltr'>litteras</span> <span class='ocrx_word' id='word_1_223' title='bbox 971 2656 1065 2711; x_wconf 80' lang='lat' dir='ltr'>meos,</span> <span class='ocrx_word' id='word_1_224' title='bbox 1077 2636 1219 2723; x_wconf 80' lang='lat' dir='ltr'>quasse-</span> 
     </span>
     <span class='ocr_line' id='line_1_28' title="bbox 181 2720 1222 2808; baseline 0.001 -24"><span class='ocrx_word' id='word_1_225' title='bbox 181 2742 251 2784; x_wconf 81' lang='lat' dir='ltr'>cero</span> <span class='ocrx_word' id='word_1_226' title='bbox 265 2722 308 2784; x_wconf 86' lang='lat' dir='ltr'>ad</span> <span class='ocrx_word' id='word_1_227' title='bbox 322 2744 387 2797; x_wconf 83' lang='lat' dir='ltr'>vos,</span> <span class='ocrx_word' id='word_1_228' title='bbox 402 2721 446 2784; x_wconf 83' lang='lat' dir='ltr'>ita</span> <span class='ocrx_word' id='word_1_229' title='bbox 460 2721 542 2784; x_wconf 91' lang='lat' dir='ltr'>enim</span> <span class='ocrx_word' id='word_1_230' title='bbox 560 2720 650 2799; x_wconf 90' lang='lat' dir='ltr'>illud,</span> <span class='ocrx_word' id='word_1_231' title='bbox 667 2723 739 2803; x_wconf 85' lang='grc' dir='ltr'>ὅπερ</span> <span class='ocrx_word' id='word_1_232' title='bbox 755 2722 879 2801; x_wconf 83' lang='grc' dir='ltr'>ποιήσω,</span> <span class='ocrx_word' id='word_1_233' title='bbox 895 2720 1066 2808; x_wconf 84' lang='lat' dir='ltr'>exprimere</span> <span class='ocrx_word' id='word_1_234' title='bbox 1087 2720 1222 2801; x_wconf 82' lang='lat' dir='ltr'>volebat,</span> 
     </span>
     <span class='ocr_line' id='line_1_29' title="bbox 183 2806 1220 2894; baseline 0.001 -26"><span class='ocrx_word' id='word_1_235' title='bbox 183 2806 270 2891; x_wconf 92' lang='lat' dir='ltr'>quod</span> <span class='ocrx_word' id='word_1_236' title='bbox 294 2828 357 2869; x_wconf 94' lang='lat' dir='ltr'>non</span> <span class='ocrx_word' id='word_1_237' title='bbox 380 2806 626 2870; x_wconf 83' lang='lat' dir='ltr'>animadvertens</span> <span class='ocrx_word' id='word_1_238' title='bbox 653 2808 792 2871; x_wconf 85' lang='lat' dir='ltr'>Joannes</span> <span class='ocrx_word' id='word_1_239' title='bbox 817 2808 920 2871; x_wconf 86' lang='lat' dir='ltr'>Faber</span> <span class='ocrx_word' id='word_1_240' title='bbox 946 2806 1080 2894; x_wconf 84' lang='lat' dir='ltr'>(primus</span> <span class='ocrx_word' id='word_1_241' title='bbox 1104 2807 1220 2893; x_wconf 86' lang='lat' dir='ltr'>editor)</span> 
     </span>
     <span class='ocr_line' id='line_1_30' title="bbox 183 2891 1222 2981; baseline 0.004 -27"><span class='ocrx_word' id='word_1_242' title='bbox 183 2913 262 2978; x_wconf 82' lang='lat' dir='ltr'>quos</span> <span class='ocrx_word' id='word_1_243' title='bbox 283 2900 313 2954; x_wconf 84' lang='lat' dir='ltr'>ct</span> <span class='ocrx_word' id='word_1_244' title='bbox 333 2892 444 2955; x_wconf 84' lang='lat' dir='ltr'>dedero</span> <span class='ocrx_word' id='word_1_245' title='bbox 463 2893 505 2954; x_wconf 89' lang='lat' dir='ltr'>od</span> <span class='ocrx_word' id='word_1_246' title='bbox 524 2915 590 2970; x_wconf 83' lang='lat' dir='ltr'>uos,</span> <span class='ocrx_word' id='word_1_247' title='bbox 609 2891 670 2957; x_wconf 87' lang='lat' dir='ltr'>hic·</span> <span class='ocrx_word' id='word_1_248' title='bbox 682 2893 852 2971; x_wconf 88' lang='lat' dir='ltr'>substituit,</span> <span class='ocrx_word' id='word_1_249' title='bbox 871 2906 978 2957; x_wconf 86' lang='lat' dir='ltr'>contra</span> <span class='ocrx_word' id='word_1_250' title='bbox 999 2894 1222 2981; x_wconf 86' lang='lat' dir='ltr'>manuscripto-</span> 
     </span>
     <span class='ocr_line' id='line_1_31' title="bbox 183 2977 1221 3067; baseline 0.006 -28"><span class='ocrx_word' id='word_1_251' title='bbox 183 2999 254 3040; x_wconf 89' lang='lat' dir='ltr'>rum</span> <span class='ocrx_word' id='word_1_252' title='bbox 269 2977 374 3040; x_wconf 89' lang='lat' dir='ltr'>fidem.</span> <span class='ocrx_word' id='word_1_253' title='bbox 422 2977 486 3041; x_wconf 88' lang='lat' dir='ltr'>Ubi</span> <span class='ocrx_word' id='word_1_254' title='bbox 503 2991 606 3041; x_wconf 88' lang='lat' dir='ltr'>tamen</span> <span class='ocrx_word' id='word_1_255' title='bbox 620 2992 651 3043; x_wconf 92' lang='lat' dir='ltr'>et</span> <span class='ocrx_word' id='word_1_256' title='bbox 665 2995 805 3044; x_wconf 91' lang='lat' dir='ltr'>nostrum</span> <span class='ocrx_word' id='word_1_257' title='bbox 820 2980 893 3043; x_wconf 93' lang='lat' dir='ltr'>hinc</span> <span class='ocrx_word' id='word_1_258' title='bbox 908 2979 1085 3067; x_wconf 82' lang='lat' dir='ltr'>Polycerpi‚</span> <span class='ocrx_word' id='word_1_259' title='bbox 1100 2994 1132 3044; x_wconf 92' lang='lat' dir='ltr'>et</span> <span class='ocrx_word' id='word_1_260' title='bbox 1152 2982 1221 3044; x_wconf 89' lang='lat' dir='ltr'>Eu-</span> 
     </span>
     <span class='ocr_line' id='line_1_32' title="bbox 184 3063 1220 3152; baseline 0.004 -26"><span class='ocrx_word' id='word_1_261' title='bbox 184 3063 260 3127; x_wconf 88' lang='lat' dir='ltr'>sebii</span> <span class='ocrx_word' id='word_1_262' title='bbox 281 3063 481 3148; x_wconf 87' lang='lat' dir='ltr'>interpretem</span> <span class='ocrx_word' id='word_1_263' title='bbox 502 3065 655 3128; x_wconf 90' lang='lat' dir='ltr'>Rufinum</span> <span class='ocrx_word' id='word_1_264' title='bbox 671 3065 837 3152; x_wconf 88' lang='lat' dir='ltr'>deceptum</span> <span class='ocrx_word' id='word_1_265' title='bbox 851 3066 946 3130; x_wconf 87' lang='lat' dir='ltr'>fuisse</span> <span class='ocrx_word' id='word_1_266' title='bbox 960 3081 1100 3152; x_wconf 81' lang='lat' dir='ltr'>apparet,</span> <span class='ocrx_word' id='word_1_267' title='bbox 1115 3066 1156 3129; x_wconf 93' lang='lat' dir='ltr'>de</span> <span class='ocrx_word' id='word_1_268' title='bbox 1170 3066 1220 3131; x_wconf 91' lang='lat' dir='ltr'>lit-</span> 
     </span>
     <span class='ocr_line' id='line_1_33' title="bbox 184 3148 1222 3238; baseline 0.003 -25"><span class='ocrx_word' id='word_1_269' title='bbox 184 3148 257 3213; x_wconf 90' lang='lat' dir='ltr'>teris</span> <span class='ocrx_word' id='word_1_270' title='bbox 279 3149 319 3213; x_wconf 87' lang='lat' dir='ltr'>ad</span> <span class='ocrx_word' id='word_1_271' title='bbox 344 3149 427 3213; x_wconf 90' lang='lat' dir='ltr'>Phili</span> <span class='ocrx_word' id='word_1_272' title='bbox 451 3173 559 3236; x_wconf 90' lang='lat' dir='ltr'>penses</span> <span class='ocrx_word' id='word_1_273' title='bbox 581 3151 756 3214; x_wconf 80' lang='lat' dir='ltr'>deferendis</span> <span class='ocrx_word' id='word_1_274' title='bbox 776 3152 835 3215; x_wconf 77' lang='lat' dir='ltr'>ista</span> <span class='ocrx_word' id='word_1_275' title='bbox 856 3152 1065 3238; x_wconf 85' lang='lat' dir='ltr'>accipientem,</span> <span class='ocrx_word' id='word_1_276' title='bbox 1087 3175 1158 3215; x_wconf 90' lang='lat' dir='ltr'>cum</span> <span class='ocrx_word' id='word_1_277' title='bbox 1181 3152 1222 3216; x_wconf 85' lang='lat' dir='ltr'>ad</span> 
     </span>
     <span class='ocr_line' id='line_1_34' title="bbox 184 3173 1223 3324; baseline 0.002 -24"><span class='ocrx_word' id='word_1_278' title='bbox 184 3236 399 3301; x_wconf 90' lang='lat' dir='ltr'>Antiochenos</span> <span class='ocrx_word' id='word_1_279' title='bbox 418 3173 530 3301; x_wconf 76' lang='lat' dir='ltr'>‹landae</span> <span class='ocrx_word' id='word_1_280' title='bbox 549 3237 660 3301; x_wconf 85' lang='lat' dir='ltr'>litterae</span> <span class='ocrx_word' id='word_1_281' title='bbox 680 3237 913 3323; x_wconf 60' lang='lat' dir='ltr'>intelligentem</span> <span class='ocrx_word' id='word_1_282' title='bbox 937 3238 986 3301; x_wconf 90' lang='lat' dir='ltr'>vel</span> <span class='ocrx_word' id='word_1_283' title='bbox 1001 3238 1041 3302; x_wconf 86' lang='lat' dir='ltr'>ab</span> <span class='ocrx_word' id='word_1_284' title='bbox 1056 3237 1131 3324; x_wconf 93' lang='lat' dir='ltr'>ipsis</span> <span class='ocrx_word' id='word_1_285' title='bbox 1146 3239 1223 3302; x_wconf 92' lang='lat' dir='ltr'>Phi·</span> 
     </span>
     <span class='ocr_line' id='line_1_35' title="bbox 183 3322 1221 3412; baseline 0.003 -27"><span class='ocrx_word' id='word_1_286' title='bbox 183 3322 386 3411; x_wconf 89' lang='lat' dir='ltr'>lippensibus,</span> <span class='ocrx_word' id='word_1_287' title='bbox 403 3323 428 3386; x_wconf 89' lang='lat' dir='ltr'>si</span> <span class='ocrx_word' id='word_1_288' title='bbox 441 3323 508 3405; x_wconf 86' lang='grc' dir='ltr'>παρ’</span> <span class='ocrx_word' id='word_1_289' title='bbox 523 3327 614 3404; x_wconf 82' lang='grc' dir='ltr'>ὑμῶν,</span> <span class='ocrx_word' id='word_1_290' title='bbox 629 3323 678 3387; x_wconf 95' lang='lat' dir='ltr'>vel</span> <span class='ocrx_word' id='word_1_291' title='bbox 693 3347 713 3386; x_wconf 83' lang='lat' dir='ltr'><strong>a</strong></span> <span class='ocrx_word' id='word_1_292' title='bbox 728 3325 902 3412; x_wconf 85' lang='lat' dir='ltr'>Polycarpo</span> <span class='ocrx_word' id='word_1_293' title='bbox 916 3339 947 3388; x_wconf 89' lang='lat' dir='ltr'>et</span> <span class='ocrx_word' id='word_1_294' title='bbox 964 3324 1133 3410; x_wconf 87' lang='lat' dir='ltr'>Smyrnaeis</span> <span class='ocrx_word' id='word_1_295' title='bbox 1148 3325 1221 3399; x_wconf 88' lang='lat' dir='ltr'>suis,</span> 
     </span>
     <span class='ocr_line' id='line_1_36' title="bbox 184 3409 1223 3497; baseline 0.003 -25"><span class='ocrx_word' id='word_1_296' title='bbox 184 3409 209 3472; x_wconf 87' lang='lat' dir='ltr'>si</span> <span class='ocrx_word' id='word_1_297' title='bbox 224 3410 290 3492; x_wconf 82' lang='grc' dir='ltr'>παρ’</span> <span class='ocrx_word' id='word_1_298' title='bbox 305 3412 396 3490; x_wconf 84' lang='grc' dir='ltr'>ἡμῶν,</span> <span class='ocrx_word' id='word_1_299' title='bbox 411 3409 463 3473; x_wconf 90' lang='lat' dir='ltr'>hie</span> <span class='ocrx_word' id='word_1_300' title='bbox 477 3409 644 3494; x_wconf 85' lang='lat' dir='ltr'>legendum</span> <span class='ocrx_word' id='word_1_301' title='bbox 660 3409 763 3473; x_wconf 87' lang='lat' dir='ltr'>fuerit.</span> <span class='ocrx_word' id='word_1_302' title='bbox 802 3411 895 3489; x_wconf 82' lang='lat' dir='ltr'>Quod</span> <span class='ocrx_word' id='word_1_303' title='bbox 910 3410 1063 3497; x_wconf 90' lang='lat' dir='ltr'>posterius</span> <span class='ocrx_word' id='word_1_304' title='bbox 1078 3433 1117 3474; x_wconf 88' lang='lat' dir='ltr'>ex</span> <span class='ocrx_word' id='word_1_305' title='bbox 1132 3412 1223 3497; x_wconf 86' lang='lat' dir='ltr'>Igna-</span> 
     </span>
     <span class='ocr_line' id='line_1_37' title="bbox 185 3494 1220 3583; baseline 0.003 -25"><span class='ocrx_word' id='word_1_306' title='bbox 185 3494 219 3558; x_wconf 90' lang='lat' dir='ltr'>tii</span> <span class='ocrx_word' id='word_1_307' title='bbox 235 3496 337 3560; x_wconf 91' lang='lat' dir='ltr'>verbis</span> <span class='ocrx_word' id='word_1_308' title='bbox 350 3495 410 3558; x_wconf 92' lang='lat' dir='ltr'>illis</span> <span class='ocrx_word' id='word_1_309' title='bbox 424 3495 457 3558; x_wconf 94' lang='lat' dir='ltr'>in</span> <span class='ocrx_word' id='word_1_310' title='bbox 472 3496 601 3583; x_wconf 87' lang='lat' dir='ltr'>epistola</span> <span class='ocrx_word' id='word_1_311' title='bbox 611 3495 651 3558; x_wconf 83' lang='lat' dir='ltr'>ad</span> <span class='ocrx_word' id='word_1_312' title='bbox 666 3498 842 3583; x_wconf 89' lang='lat' dir='ltr'>Smyrnaeos</span> <span class='ocrx_word' id='word_1_313' title='bbox 853 3498 1080 3561; x_wconf 85' lang='lat' dir='ltr'>firmamentum</span> <span class='ocrx_word' id='word_1_314' title='bbox 1092 3498 1157 3560; x_wconf 84' lang='lat' dir='ltr'>acci</span> <span class='ocrx_word' id='word_1_315' title='bbox 1180 3498 1220 3571; x_wconf 90' lang='lat' dir='ltr'>it;</span> 
     </span>
     <span class='ocr_line' id='line_1_38' title="bbox 185 3521 1224 3666; baseline 0.004 -23"><span class='ocrx_word' id='word_1_316' title='bbox 185 3579 201 3642; x_wconf 80' lang='lat' dir='ltr'><strong>d</strong></span> <span class='ocrx_word' id='word_1_317' title='bbox 218 3581 313 3663; x_wconf 86' lang='grc' dir='ltr'>έφάνη</span> <span class='ocrx_word' id='word_1_318' title='bbox 324 3607 374 3660; x_wconf 84' lang='grc' dir='ltr'>μοι</span> <span class='ocrx_word' id='word_1_319' title='bbox 389 3583 480 3660; x_wconf 78' lang='grc' dir='ltr'>ἄξιον,</span> <span class='ocrx_word' id='word_1_320' title='bbox 497 3588 581 3647; x_wconf 81' lang='grc' dir='ltr'>τοῦτο</span> <span class='ocrx_word' id='word_1_321' title='bbox 598 3583 689 3656; x_wconf 69' lang='grc' dir='ltr'>ἐστὶν,</span> <span class='ocrx_word' id='word_1_322' title='bbox 702 3585 780 3646; x_wconf 80' lang='grc' dir='ltr'>ὥστε</span> <span class='ocrx_word' id='word_1_323' title='bbox 793 3583 910 3666; x_wconf 77' lang='grc' dir='ltr'>πέμψαι</span> <span class='ocrx_word' id='word_1_324' title='bbox 924 3588 990 3648; x_wconf 79' lang='grc' dir='ltr'>τινὰ</span> <span class='ocrx_word' id='word_1_325' title='bbox 1004 3589 1062 3647; x_wconf 83' lang='grc' dir='ltr'>τῶν</span> <span class='ocrx_word' id='word_1_326' title='bbox 1075 3521 1224 3665; x_wconf 66' lang='grc' dir='ltr'>ὑμετέραν</span> 
     </span>
     <span class='ocr_line' id='line_1_39' title="bbox 184 3665 1225 3751; baseline 0.005 -23"><span class='ocrx_word' id='word_1_327' title='bbox 184 3665 247 3744; x_wconf 85' lang='grc' dir='ltr'>μετ’</span> <span class='ocrx_word' id='word_1_328' title='bbox 264 3670 430 3746; x_wconf 75' lang='grc' dir='ltr'>ἐπιπολῆς,</span> <span class='ocrx_word' id='word_1_329' title='bbox 447 3671 496 3731; x_wconf 82' lang='grc' dir='ltr'>ἵνα</span> <span class='ocrx_word' id='word_1_330' title='bbox 511 3668 676 3748; x_wconf 78' lang='grc' dir='ltr'>σννδοξάση</span> <span class='ocrx_word' id='word_1_331' title='bbox 695 3669 748 3748; x_wconf 78' lang='grc' dir='ltr'>τὴν</span> <span class='ocrx_word' id='word_1_332' title='bbox 764 3673 836 3734; x_wconf 81' lang='grc' dir='ltr'>κατὰ</span> <span class='ocrx_word' id='word_1_333' title='bbox 851 3671 934 3735; x_wconf 87' lang='grc' dir='ltr'>Θεὸν</span> <span class='ocrx_word' id='word_1_334' title='bbox 948 3671 1045 3736; x_wconf 82' lang='grc' dir='ltr'>αὐτοῖς</span> <span class='ocrx_word' id='word_1_335' title='bbox 1058 3670 1225 3751; x_wconf 79' lang='grc' dir='ltr'>γενομένην</span> 
     </span>
     <span class='ocr_line' id='line_1_40' title="bbox 185 3752 1226 3840; baseline 0.005 -26"><span class='ocrx_word' id='word_1_336' title='bbox 185 3752 294 3816; x_wconf 82' lang='grc' dir='ltr'>εὐδίαν·</span> <span class='ocrx_word' id='word_1_337' title='bbox 320 3755 409 3826; x_wconf 82' lang='lat' dir='ltr'>Qood</span> <span class='ocrx_word' id='word_1_338' title='bbox 423 3754 500 3816; x_wconf 62' lang='lat' dir='ltr'>mtto·</span> <span class='ocrx_word' id='word_1_339' title='bbox 514 3754 651 3840; x_wconf 75' lang='lat' dir='ltr'>dignum</span> <span class='ocrx_word' id='word_1_340' title='bbox 660 3755 760 3839; x_wconf 83' lang='lat' dir='ltr'>factu</span> <span class='ocrx_word' id='word_1_341' title='bbox 775 3765 820 3819; x_wconf 83' lang='lat' dir='ltr'>est</span> <span class='ocrx_word' id='word_1_342' title='bbox 834 3761 947 3834; x_wconf 75' lang='lat' dir='ltr'>visum,</span> <span class='ocrx_word' id='word_1_343' title='bbox 963 3757 1017 3819; x_wconf 80' lang='lat' dir='ltr'>hoc</span> <span class='ocrx_word' id='word_1_344' title='bbox 1031 3765 1099 3828; x_wconf 54' lang='grc' dir='ltr'>νοω</span> <span class='ocrx_word' id='word_1_345' title='bbox 1115 3765 1153 3819; x_wconf 82' lang='lat' dir='ltr'>ot</span> <span class='ocrx_word' id='word_1_346' title='bbox 1166 3758 1226 3820; x_wconf 78' lang='lat' dir='ltr'>oli-</span> 
     </span>
     <span class='ocr_line' id='line_1_41' title="bbox 184 3841 1226 3927; baseline 0.005 -27"><span class='ocrx_word' id='word_1_347' title='bbox 184 3859 274 3924; x_wconf 85' lang='lat' dir='ltr'>quem</span> <span class='ocrx_word' id='word_1_348' title='bbox 283 3845 419 3902; x_wconf 71' lang='lat' dir='ltr'>vestrone</span> <span class='ocrx_word' id='word_1_349' title='bbox 430 3841 563 3903; x_wconf 77' lang='lat' dir='ltr'>mittatis</span> <span class='ocrx_word' id='word_1_350' title='bbox 571 3863 641 3903; x_wconf 83' lang='lat' dir='ltr'>cnm</span> <span class='ocrx_word' id='word_1_351' title='bbox 653 3842 782 3927; x_wconf 79' lang='lat' dir='ltr'>epistola</span> <span class='ocrx_word' id='word_1_352' title='bbox 793 3843 849 3923; x_wconf 85' lang='lat' dir='ltr'>(ad</span> <span class='ocrx_word' id='word_1_353' title='bbox 858 3842 1070 3906; x_wconf 91' lang='lat' dir='ltr'>Antiochenos</span> <span class='ocrx_word' id='word_1_354' title='bbox 1082 3841 1226 3906; x_wconf 91' lang='lat' dir='ltr'>videlicet</span> 
     </span>
     <span class='ocr_line' id='line_1_42' title="bbox 140 3923 1224 4076; baseline 0.008 -93"><span class='ocrx_word' id='word_1_355' title='bbox 140 3978 142 3982; x_wconf 79' lang='grc'>,</span> <span class='ocrx_word' id='word_1_356' title='bbox 184 3923 216 3987; x_wconf 91' lang='lat' dir='ltr'>in</span> <span class='ocrx_word' id='word_1_357' title='bbox 232 3924 336 4012; x_wconf 86' lang='lat' dir='ltr'>Syria)</span> <span class='ocrx_word' id='word_1_358' title='bbox 344 3949 361 3997; x_wconf 52' lang='grc' dir='ltr'>ς’</span> <span class='ocrx_word' id='word_1_359' title='bbox 370 3935 406 3988; x_wconf 83' lang='lat' dir='ltr'>ot</span> <span class='ocrx_word' id='word_1_360' title='bbox 416 3947 482 3989; x_wconf 83' lang='lat' dir='ltr'>ooo</span> <span class='ocrx_word' id='word_1_361' title='bbox 493 3947 563 3989; x_wconf 84' lang='lat' dir='ltr'>com</span> <span class='ocrx_word' id='word_1_362' title='bbox 573 3927 637 3990; x_wconf 76' lang='lat' dir='ltr'>tttts</span> <span class='ocrx_word' id='word_1_363' title='bbox 648 3927 805 4013; x_wconf 68' lang='lat' dir='ltr'>ghrificct</span> <span class='ocrx_word' id='word_1_364' title='bbox 815 3931 919 3993; x_wconf 85' lang='lat' dir='ltr'>Deum</span> <span class='ocrx_word' id='word_1_365' title='bbox 934 3931 970 3992; x_wconf 84' lang='lat' dir='ltr'>de</span> <span class='ocrx_word' id='word_1_366' title='bbox 985 3929 1224 4076; x_wconf 59' lang='lat' dir='ltr'>troopltlllitotc,</span> 
     </span>
     <span class='ocr_line' id='line_1_43' title="bbox 184 4013 1226 4098; baseline 0.003 -24"><span class='ocrx_word' id='word_1_367' title='bbox 184 4033 279 4098; x_wconf 82' lang='lat' dir='ltr'>quom</span> <span class='ocrx_word' id='word_1_368' title='bbox 303 4013 339 4074; x_wconf 78' lang='lat' dir='ltr'>in</span> <span class='ocrx_word' id='word_1_369' title='bbox 360 4013 429 4076; x_wconf 84' lang='lat' dir='ltr'>Deo</span> <span class='ocrx_word' id='word_1_370' title='bbox 453 4015 605 4076; x_wconf 80' lang='lat' dir='ltr'>consecuti</span> <span class='ocrx_word' id='word_1_371' title='bbox 626 4023 712 4096; x_wconf 75' lang='lat' dir='ltr'>suot.</span> <span class='ocrx_word' id='word_1_372' title='bbox 736 4017 780 4097; x_wconf 59' lang='grc' dir='ltr'>(ξ.</span> <span class='ocrx_word' id='word_1_373' title='bbox 801 4019 866 4097; x_wconf 90' lang='lat'><strong>11.)</strong></span> <span class='ocrx_word' id='word_1_374' title='bbox 890 4018 1018 4079; x_wconf 77' lang='lat' dir='ltr'>Ussmt.</span> <span class='ocrx_word' id='word_1_375' title='bbox 1100 4038 1145 4079; x_wconf 81' lang='lat' dir='ltr'>aec</span> <span class='ocrx_word' id='word_1_376' title='bbox 1167 4014 1226 4089; x_wconf 89' lang='lat' dir='ltr'>viri</span> 
     </span>
    </p>
   </div>
   <div class='ocr_carea' id='block_1_3' title="bbox 181 4097 1226 4361">
    <p class='ocr_par' dir='ltr' id='par_1_7' title="bbox 181 4097 1226 4361">
     <span class='ocr_line' id='line_1_44' title="bbox 185 4097 1226 4188; baseline 0.005 -28"><span class='ocrx_word' id='word_1_377' title='bbox 185 4097 290 4185; x_wconf 84' lang='lat' dir='ltr'>magni</span> <span class='ocrx_word' id='word_1_378' title='bbox 305 4111 397 4178; x_wconf 84' lang='lat' dir='ltr'>sunt3</span> <span class='ocrx_word' id='word_1_379' title='bbox 413 4120 485 4184; x_wconf 85' lang='lat' dir='ltr'>quae</span> <span class='ocrx_word' id='word_1_380' title='bbox 500 4121 573 4162; x_wconf 91' lang='lat' dir='ltr'>vero</span> <span class='ocrx_word' id='word_1_381' title='bbox 586 4098 663 4162; x_wconf 90' lang='lat' dir='ltr'>nihil</span> <span class='ocrx_word' id='word_1_382' title='bbox 677 4113 805 4186; x_wconf 86' lang='lat' dir='ltr'>cogunt,</span> <span class='ocrx_word' id='word_1_383' title='bbox 818 4115 853 4164; x_wconf 85' lang='lat' dir='ltr'>ut</span> <span class='ocrx_word' id='word_1_384' title='bbox 868 4103 948 4181; x_wconf 79' lang='grc' dir='ltr'>ἡμῶν</span> <span class='ocrx_word' id='word_1_385' title='bbox 962 4123 1020 4188; x_wconf 92' lang='lat' dir='ltr'>pro</span> <span class='ocrx_word' id='word_1_386' title='bbox 1033 4099 1167 4164; x_wconf 88' lang='lat' dir='ltr'>lectione</span> <span class='ocrx_word' id='word_1_387' title='bbox 1180 4124 1226 4165; x_wconf 90' lang='lat' dir='ltr'>re-</span> 
     </span>
     <span class='ocr_line' id='line_1_45' title="bbox 186 4183 1225 4271; baseline 0.004 -25"><span class='ocrx_word' id='word_1_388' title='bbox 186 4200 276 4271; x_wconf 82' lang='lat' dir='ltr'>cepta</span> <span class='ocrx_word' id='word_1_389' title='bbox 294 4187 385 4265; x_wconf 82' lang='grc' dir='ltr'>ὑμῶν,</span> <span class='ocrx_word' id='word_1_390' title='bbox 405 4183 493 4271; x_wconf 92' lang='lat' dir='ltr'>quod</span> <span class='ocrx_word' id='word_1_391' title='bbox 515 4200 545 4249; x_wconf 92' lang='lat' dir='ltr'>et</span> <span class='ocrx_word' id='word_1_392' title='bbox 568 4185 702 4251; x_wconf 84' lang='lat' dir='ltr'>Patricio</span> <span class='ocrx_word' id='word_1_393' title='bbox 721 4187 741 4251; x_wconf 91' lang='lat' dir='ltr'>J</span> <span class='ocrx_word' id='word_1_394' title='bbox 746 4187 818 4250; x_wconf 90' lang='lat' dir='ltr'>unio</span> <span class='ocrx_word' id='word_1_395' title='bbox 837 4186 938 4251; x_wconf 91' lang='lat' dir='ltr'>visum</span> <span class='ocrx_word' id='word_1_396' title='bbox 960 4200 1037 4264; x_wconf 84' lang='lat' dir='ltr'>erat,</span> <span class='ocrx_word' id='word_1_397' title='bbox 1054 4187 1225 4252; x_wconf 83' lang='lat' dir='ltr'>substitue-</span> 
     </span>
     <span class='ocr_line' id='line_1_46' title="bbox 181 4270 1225 4361; baseline 0.004 -28"><span class='ocrx_word' id='word_1_398' title='bbox 181 4283 249 4337; x_wconf 87' lang='lat' dir='ltr'>tur.</span> <span class='ocrx_word' id='word_1_399' title='bbox 276 4273 326 4336; x_wconf 83' lang='lat' dir='ltr'>-A</span> <span class='ocrx_word' id='word_1_400' title='bbox 348 4270 459 4337; x_wconf 88' lang='lat' dir='ltr'>nuntio</span> <span class='ocrx_word' id='word_1_401' title='bbox 482 4272 647 4361; x_wconf 85' lang='lat' dir='ltr'>Polycarpi</span> <span class='ocrx_word' id='word_1_402' title='bbox 668 4271 779 4338; x_wconf 75' lang='lat' dir='ltr'>litterae</span> <span class='ocrx_word' id='word_1_403' title='bbox 792 4273 862 4340; x_wconf 73' lang='lat' dir='ltr'>,illae</span> <span class='ocrx_word' id='word_1_404' title='bbox 882 4289 951 4339; x_wconf 68' lang='lat' dir='ltr'>tam,</span> <span class='ocrx_word' id='word_1_405' title='bbox 964 4272 1225 4360; x_wconf 85' lang='lat' dir='ltr'>Philippensium,</span> 
     </span>
    </p>
   </div>
   <div class='ocr_carea' id='block_1_4' title="bbox 0 0 1358 4830">
    <p class='ocr_par' dir='ltr' id='par_1_8' title="bbox 0 0 1358 4830">
     <span class='ocr_line' id='line_1_47' title="bbox 0 0 1358 4830; baseline 0 0"><span class='ocrx_word' id='word_1_406' title='bbox 0 0 1358 4830; x_wconf 95' lang='lat' dir='ltr'> </span> 
     </span>
    </p>
   </div>
  </div>
 </body>
</html>
