2678 4830
221 303 272 366 nt
294 303 326 364 s,
345 255 615 364 maronam
637 299 833 363 sovana
852 299 1069 365 nonnum.
1124 303 1168 367 ar

124 473 202 538 dum
216 492 366 557 magnum
382 468 590 554 Gregorium:
608 476 630 507 “
642 469 820 532 Perfectum
836 468 948 547 enim,”
962 468 1075 555 inquit,
1087 479 1109 508 “
1119 484 1166 534 est

127 567 149 597 “
164 557 313 634 Verbum,
335 568 368 619 et
390 553 529 640 plenum,
548 568 579 617 et
600 554 743 651 praebens
764 553 1004 639 perfectionem
1029 554 1166 639 perfecta

128 651 149 682 “
162 657 267 706 autem
287 653 334 704 est
352 657 384 704 et
404 640 508 703 anima
526 639 661 702 hominis
674 652 829 724 quantum
842 639 884 703 ad
895 638 1105 703 definitionem
1121 664 1167 705 es-

129 736 150 767 “
164 727 271 791 sentioe
285 749 367 789 suae:
385 725 439 789 sed
451 739 555 788 tamen
566 746 668 810 neque
679 725 819 788 Verbum
831 739 878 788 est
892 724 1049 809 perfectus
1061 726 1167 790 Chn's-

129 822 151 853 ‘⁴
164 826 216 876 ttts
235 833 299 875 non
322 810 411 874 unita
430 808 634 886 humanitate,
657 810 801 895 quamvis
823 810 980 895 perfectus
1005 813 1094 875 Deus
1116 811 1166 890 sit,

130 906 150 938 “
165 898 245 962 sicut
258 918 315 960 nec
329 896 433 959 anima
446 896 604 992 perfectus
617 895 711 959 homo
726 909 772 958 est
787 894 851 960 sine
865 918 1004 981 corpore,
1020 896 1077 960 etsi
1095 919 1165 982 per-

130 991 150 1023 “
165 983 278 1047 factam
304 981 507 1045 substanuam
533 980 666 1054 habet;”
695 981 845 1044 hactenus
875 981 1036 1044 Leontius.
1075 984 1168 1046 Tua-

129 1089 228 1132 ΜΛΝ.
281 1065 403 1130 Scilicet
428 1088 490 1128 non
516 1065 559 1129 ita
588 1066 712 1129 insaniit
738 1066 807 1151 Hip
850 1066 859 1128 l
885 1080 946 1141 tus,
973 1080 1010 1129 ut
1037 1066 1167 1146 diceret,

128 1153 213 1240 quod
233 1151 348 1215 dixisse
366 1150 455 1214 illum
476 1150 656 1215 Zwickerus
674 1150 784 1230 voluit,
801 1089 905 1215 Vlirlio
923 1152 987 1214 sive
1008 1151 1170 1239 unigenito

128 1239 296 1324 quicquam
315 1236 489 1300 intrinsecae
506 1236 703 1322 perfectionis
717 1259 823 1300 revera
839 1237 1000 1301 accessisse
1013 1261 1050 1300 ex
1069 1239 1170 1302 carnis

129 1323 334 1395 assumtione;
358 1321 422 1384 imo
436 1322 625 1385 contrarium
640 1338 747 1407 aperte
761 1322 863 1386 docet.
908 1324 991 1386 Nam
1007 1323 1110 1409 primo
1123 1324 1170 1387 di-

130 1424 208 1473 serte
229 1407 284 1486 ait,
308 1407 482 1471 Dominum
504 1422 644 1470 nostrum
666 1408 839 1492 perlectum
862 1407 957 1471 fuisse
978 1409 1117 1473 Verbum
1139 1423 1171 1474 et

130 1493 325 1580 unigenitum
339 1506 412 1556 ante
425 1492 675 1556 incarnationem.
700 1493 824 1556 Deinde
838 1493 919 1556 clare
929 1493 1020 1557 docet
1031 1495 1170 1558 Verbum

130 1579 193 1642 sive
207 1578 404 1664 unigenitum
420 1579 597 1660 (μονογενῆ)
613 1577 693 1641 adeo
706 1601 745 1641 ex
760 1601 852 1642 carne
866 1578 1004 1642 humana
1023 1602 1085 1642 non
1103 1601 1170 1643 me·

130 1663 273 1728 lioratum
295 1686 372 1740 esse,
386 1677 422 1726 ut
442 1685 514 1726 caro
529 1661 582 1726 illa
602 1663 700 1748 ipsam
720 1687 806 1726 suam
823 1663 1051 1727 subsistentiam
1067 1665 1172 1728 Verbo

131 1749 253 1813 debeat.
276 1747 361 1826 Quid
376 1770 463 1833 ergo,
474 1747 607 1833 inquies,
619 1747 718 1811 voluit
733 1747 939 1835 Hippolytus,
951 1772 1022 1812 curn
1038 1749 1082 1812 ait
1093 1751 1171 1813 Ver-

132 1835 206 1898 bum
217 1848 250 1898 et
264 1833 459 1919 unigenitum
476 1832 541 1896 sine
555 1855 646 1897 carne
660 1835 834 1919 perfectum
849 1856 912 1897 non
923 1833 1019 1897 fuisse
1033 1834 1171 1898 Filium?

134 1917 251 1997 Voluit,
273 1919 305 1981 in
330 1940 414 1995 uam,
434 1917 606 1995 manifeste,
633 1919 687 1982 τὸν
710 1917 812 2000 Λόγον
834 1934 906 1982 ante
931 1919 1172 1983 incarnationem

134 2027 195 2068 nou
208 2004 294 2068 omni
306 1942 464 2067 Sliationis
476 2025 600 2088 genere,
616 2018 652 2067 ut
674 2003 717 2067 ita
737 2003 850 2077 dicam,
866 2003 1049 2068 defunctum
1065 2003 1172 2080 fuisse,

135 2089 197 2153 sive
217 2088 359 2152 nondum
373 2087 470 2151 fuisse
487 2088 572 2151 omni
591 2087 696 2164 modo,
710 2111 775 2186 quo
795 2091 890 2152 Pater
908 2089 1017 2165 voluit,
1040 2089 1100 2152 Dei
1121 2089 1174 2152 Fi-

134 2174 221 2238 lium.
267 2173 390 2238 Scilicet
410 2173 549 2236 Domino
568 2186 675 2253 nostro
694 2172 846 2258 triplicem
862 2173 1055 2237 nativitatem
1069 2186 1100 2238 et
1113 2172 1174 2236 fili-

136 2261 268 2323 ationem
285 2258 498 2322 attribuerunt
512 2272 639 2322 veteres.
683 2259 790 2321 Prima
809 2273 866 2336 est,
881 2281 946 2343 qua
966 2273 1002 2323 ut
1016 2261 1115 2340 Λόγος
1133 2280 1173 2320 ex

137 2359 238 2409 mente
249 2343 354 2407 Patris
363 2344 404 2407 ab
414 2356 531 2407 aeterno
543 2360 634 2406 natus
643 2343 714 2407 fuit.
734 2346 786 2406 Ex
797 2344 855 2406 hac
866 2343 1027 2406 nativitate
1038 2343 1175 2427 perfecta

137 2430 156 2492 h
236 2428 310 2493 tasis
324 2427 429 2491 divina
442 2427 566 2504 extitit3
590 2451 647 2490 nec
661 2427 720 2513 ipsi
734 2429 902 2513 quicquam
917 2443 1025 2512 postea
1038 2427 1175 2505 accessit,

136 2452 322 2600 mutius
342 2527 462 2577 caeterae
485 2513 661 2576 nativitates
686 2511 926 2593 σνγκαταβάσεις
949 2511 1089 2586 fuerunt,
1112 2512 1177 2576 sive

139 2597 410 2664 condescensiones
423 2597 497 2661 Filii
516 2597 586 2661 Dei.
632 2596 743 2660 Altera
758 2618 870 2681 nempe
884 2597 1028 2660 nativitas
1042 2613 1098 2674 est,
1114 2620 1177 2682 qua

140 2688 155 2748 ὁ
170 2687 268 2766 Λόγος
286 2707 305 2746 a
325 2685 396 2746 Deo
416 2685 521 2761 Patre,
536 2681 621 2769 apud
637 2704 742 2768 quem,
757 2704 829 2745 cum
850 2681 926 2744 nihil
946 2682 1050 2745 adhuc
1064 2699 1178 2767 praeter

141 2771 244 2832 Deum
266 2767 421 2845 existeret,
440 2767 582 2852 adeoque
603 2766 644 2830 ab
665 2780 782 2831 aeterno
803 2767 917 2842 fuerat,
941 2766 1002 2830 κοτ’
1026 2767 1179 2849 ἐνέργειαν

141 2853 246 2930 exivit,
260 2876 297 2917 ac
317 2867 466 2938 tanquam
489 2877 528 2916 ex
549 2867 638 2916 utero
657 2853 725 2937 ejus
743 2851 870 2938 prodiit,
886 2875 980 2937 seque
997 2851 1120 2916 demisit
1139 2853 1180 2916 ad

141 2938 301 3002 condenda
321 2938 472 3002 universa.
520 2939 619 3020 (Haec
637 2954 684 3001 est
701 2937 753 3000 illa
767 2937 907 3018 γέννησις
921 2940 1022 3020 Λόγου
1036 2947 1179 3020 προφορι-

45 3098 47 3103 ,
92 3047 98 3056 ·
144 3029 193 3088 κοῦ
211 3023 298 3120 apud
319 3023 535 3108 Theophilum
558 3022 791 3085 Antiochenum
810 3022 862 3086 lib.
878 3025 928 3086 II.
943 3046 975 3108 p.
991 3025 1042 3086 80.
1081 3023 1132 3086 Sic
1150 3039 1182 3086 et

144 3110 162 3173 J
166 3107 247 3172 udaer
261 3108 388 3194 quidam
405 3116 497 3171 aetate
512 3109 532 3171 J
535 3107 628 3170 ustini
644 3106 839 3170 affirmabant
854 3107 996 3185 ἆτμήτους
1011 3108 1058 3169 καὶ
1073 3109 1180 3188 ἀχωρί-

145 3219 230 3260 στους
251 3199 333 3257 Θεοῦ
358 3192 493 3273 δυνάμεις
514 3215 579 3255 esse
601 3192 727 3278 angelos
749 3194 783 3258 hs
804 3195 821 3254 ὁ
842 3192 922 3256 Θεὸς
943 3193 1015 3253 ὅταν
1036 3194 1183 3270 βούληται

145 3283 295 3360 ammata
319 3283 400 3341 ποιεῖ
420 3278 467 3340 καὶ
493 3277 584 3341 πάλιν
610 3277 791 3341 ἀναστέλλει
816 3276 888 3356 πρὸς
915 3274 1030 3348 ἑαυτὸν,
1053 3297 1086 3360 p.
1107 3276 1180 3338 280.

146 3361 228 3426 Dial.
252 3385 326 3425 curn
357 3364 427 3438 Trv
451 3362 542 3425 hone.
575 3363 691 3445 Ναὸν.)
746 3359 856 3422 Tertia
884 3359 1012 3422 demum
1041 3357 1186 3423 nativitas

146 3459 211 3510 tum
225 3447 298 3522 fuit,
313 3468 387 3510 cum
400 3384 483 3509 idaim
500 3451 516 3510 ὁ
531 3449 630 3528 Λόγος
643 3469 715 3509 caro
726 3445 828 3508 factus
842 3458 898 3521 est,
914 3456 946 3507 et
959 3467 977 3505 e
992 3443 1061 3506 sinu
1081 3444 1186 3508 Patris

145 3531 175 3594 in
190 3546 315 3594 uterum
331 3530 514 3595 beatissimae
529 3531 665 3616 Virginis
683 3530 821 3615 illapsus,
836 3529 932 3592 homo
950 3551 989 3591 ex
1009 3529 1077 3615 ipsa
1094 3542 1186 3593 natus

147 3629 190 3679 est
210 3639 267 3701 per
284 3615 544 3679 inumbrationem
564 3615 698 3702 Spiritus
715 3618 748 3678 S.
780 3618 860 3678 Haec
875 3613 937 3676 fuit
951 3619 1003 3677 τοῦ
1017 3617 1118 3696 Λόγου
1132 3636 1187 3677 ex-

148 3714 245 3764 trema
266 3701 499 3782 ονγκοτάβοσις,
519 3703 551 3782 (a
565 3700 654 3763 nobis
673 3699 864 3776 hominibus,
887 3699 1028 3784 adeoque
1051 3700 1091 3762 ab
1112 3699 1122 3761 i
1147 3699 1187 3762 sis

148 3783 263 3869 angelis
284 3799 437 3848 aeternum
459 3786 644 3868 adoranda,)
660 3807 724 3870 qua
745 3799 882 3870 peracta,
905 3785 1062 3881 perfectus
1087 3722 1188 3848 Filius

150 3869 209 3933 Dei
230 3869 334 3934 factus
353 3885 410 3946 est,
426 3871 484 3934 hoc
503 3878 559 3949 est,
577 3885 611 3933 nt
633 3869 710 3948 dixi,
725 3871 811 3933 omni
830 3869 985 3933 filiationis
1003 3892 1116 3954 genere
1135 3868 1188 3931 de-

149 3955 275 4018 functus
296 3970 364 4018 est:
389 3955 413 4017 si
435 3954 561 4040 quidem
584 3967 704 4019 caeterae
728 3955 902 4030 filiationes,
925 3978 998 4039 quae
1019 3954 1186 4017 humanam

151 4039 267 4102 Christi
288 4054 433 4102 naturam
451 4053 601 4124 spectant,
615 4063 655 4102 ex
674 4040 733 4102 hac
752 4039 941 4125 dependent,
955 4055 1050 4122 atque
1065 4060 1103 4099 ex
1122 4036 1190 4123 ipsa

150 4137 392 4208 consequuntur.
416 4125 459 4186 G.
471 4126 605 4188 Bunnus
616 4125 748 4209 Defina.
763 4126 856 4186 Fidei
871 4125 1102 4268 Nmaeaaepag.
1119 4123 1188 4201 164.

153 4208 198 4292 (p.
211 4226 263 4292 92.
274 4208 324 4272 ed.
342 4208 468 4292 Grabii)
480 4232 499 4271 a
510 4208 655 4273 Fabricio
669 4208 790 4271 allatus,
821 4208 953 4271 Dixerat
965 4204 1019 4292 qui
1043 4226 1092 4268 em
1109 4203 1193 4290 Hip-

646 4313 702 4371 04
