2678 4830
127 305 192 367 unt)
463 304 840 369 ANNOTATIONES

128 476 256 539 llanuz.
304 475 343 537 ln
370 473 560 539 editionibus
585 473 703 553 multis,
726 498 799 562 quae
828 473 1033 540 Baluzianam
1063 500 1193 564 praece-

126 560 219 637 dunt,
235 561 329 624 verita
348 559 415 625 liaec
436 561 524 625 uncis
541 560 660 625 inclusa
675 576 758 638 sunt,
775 585 877 648 neque
890 577 1116 649 agnoscuntur
1131 565 1191 629 tri-

126 647 186 711 bus
199 646 293 711 codd.
310 645 431 732 scriptis
449 648 533 712 Novi
550 646 700 734 Collegii3
725 661 834 713 extant
849 649 967 712 veroin
985 650 1099 715 codice
1118 652 1189 715 Te-

127 749 292 811 walerano,
332 757 402 798 uem
420 750 456 798 ut
470 734 547 811 dixi,
563 733 650 798 libris
664 735 740 798 meis
754 735 873 799 addidi.

169 821 207 884 Ρ.
222 838 294 904 259.
307 758 336 883 i.
352 840 380 884 1.
404 822 462 884 Est
483 835 514 884 et
530 821 636 905 Venus
655 821 757 910 calva]
776 820 963 886 Lactantius
976 819 1031 885 lib.
1048 823 1080 886 Ι.
1096 824 1184 888 Dte.

125 907 232 969 Instit.
247 929 316 992 cap.
331 926 383 970 20.
404 907 488 970 Urbe
501 928 522 969 a
539 908 642 971 Gallis
660 917 821 994 occicpata,
836 909 950 972 obsessi
964 909 999 970 in
1016 909 1186 995 Capitolio

124 994 275 1070 Romani,
287 1016 358 1056 aen
372 1014 411 1056 eu
426 994 594 1057 martiorum
604 1016 641 1057 ca
664 995 728 1058 illis
743 1004 897 1058 tormenta
896 994 1065 1079 fecisseid,
1079 995 1185 1059 cedem

132 1081 240 1142 l'cneri
254 1080 351 1142 calcoe
364 1089 599 1144 cmtsecraruut.
672 1102 732 1143 unc
746 1079 849 1144 locum
865 1093 936 1167 post
950 1080 1077 1143 Fellum
1093 1095 1184 1147 attu-

125 1163 161 1228 lit
177 1163 336 1228 llaluzius.
365 1167 493 1243 Verum,
510 1166 586 1229 dum
602 1164 709 1252 plures
722 1189 825 1230 causoe
840 1167 936 1253 hujus
955 1165 1183 1253 appellationis

124 1250 165 1315 ab
180 1250 361 1314 auctoribus
374 1252 560 1329 afferuntur,
575 1252 617 1316 ob
632 1275 756 1316 causam
778 1252 915 1339 aliquam
935 1251 1040 1316 miuus
1059 1252 1179 1319 hones-

124 1351 188 1402 tam
203 1336 247 1401 ita
261 1352 401 1402 vocatam
416 1339 513 1403 fuisse
528 1341 692 1417 Venerem,
707 1339 756 1403 liio
771 1339 875 1403 innuit
891 1342 939 1425 Cy
965 1339 1082 1403 cianus

170 1422 253 1489 Ibid.
271 1423 292 1487 l.
309 1445 358 1506 14.
381 1425 754 1512 faciant-auspicantur]
776 1425 916 1489 Pluralia
936 1362 1002 1489 iiiuc
1021 1449 1082 1512 pro
1103 1425 1177 1490 vul-

123 1511 204 1596 gatis
210 1512 324 1594 fierint
338 1525 370 1574 et
390 1513 578 1599 amplecitur
596 1512 702 1599 posuit
716 1513 855 1577 lacobus
871 1510 1050 1576 Gronovius
1065 1511 1177 1577 Cella·

123 1597 205 1660 rium
229 1611 364 1674 secutus,
385 1599 440 1683 qui
459 1600 666 1662 Veronensem
688 1598 826 1663 codicem
847 1598 878 1661 in
900 1621 956 1662 sua
977 1597 1053 1662 edit.
1076 1598 1178 1685 hujus

123 1682 219 1746 libelli
234 1684 379 1747 Minucio
395 1683 492 1748 Felici
506 1685 602 1764 affixi,
617 1685 764 1772 appellat.
809 1684 904 1748 Halae
914 1708 997 1748 auno
1011 1686 1093 1769 1699
1105 1684 1178 1750 haec

124 1767 250 1832 Cellarii
265 1768 338 1832 edit.
355 1770 439 1857 typis
454 1771 600 1835 mandata
615 1787 672 1835 est.
719 1772 781 1835 Sed
802 1769 964 1835 lectionem
981 1769 1096 1834 oodiois
1110 1773 1175 1836 Ve-

123 1853 261 1918 ronensis
275 1854 341 1939 jam
357 1871 430 1921 ante
445 1878 515 1919 cnm
531 1857 625 1920 laude
639 1857 788 1921 attulerat
803 1857 961 1944 Rigaltius
975 1857 1006 1920 in
1023 1857 1118 1921 Notis
1133 1858 1177 1922 ad

124 1941 331 2028 Cypriannm.
367 1940 519 2005 Addcndi
542 1944 631 2006 MSti
651 1944 736 2007 Novi
756 1942 888 2030 Collegii
905 1962 923 2010 2
939 1957 971 2007 et
985 1964 1004 2029 3
1020 1964 1176 2031 meusque

125 2030 361 2093 Tewateranus.
416 2028 541 2093 Retulit
558 2029 681 2094 intetim
703 2029 898 2094 Mabillonus
919 2029 951 2092 in
971 2032 1093 2094 Itinere
1116 2054 1176 2095 suo

123 2115 236 2179 Italico
251 2138 283 2202 p.
297 2133 346 2200 23.
362 2113 460 2178 ‘istum
483 2114 621 2180 codicem
642 2117 850 2180 Veronensem
874 2116 1053 2203 majusculis
1075 2115 1176 2182 literis

123 2217 196 2265 ante
209 2224 307 2265 annos
322 2201 405 2265 mille
419 2201 569 2288 scriptum
585 2202 690 2267 fuisse.

169 2288 254 2353 Ibid.
272 2287 292 2351 l.
306 2307 358 2372 23.
380 2287 435 2352 sed
456 2303 619 2375 acceptum
639 2302 765 2374 tempus
786 2303 871 2351 certo
890 2288 953 2351 fine
972 2287 1174 2389 custodiunt]

124 2373 287 2452 Videlicet,
304 2391 428 2461 tempus
445 2375 648 2462 assignatum,
663 2376 725 2439 fine
743 2376 808 2439 fixo
825 2397 861 2438 ac
879 2373 1097 2455 determinato,
1115 2376 1176 2441 sibi

124 2484 221 2547 regna
236 2462 381 2524 Romana
396 2461 521 2525 habent.

168 2547 251 2611 Ibid.
267 2546 290 2609 l.
305 2565 357 2632 25.
381 2561 412 2610 et
431 2548 491 2611 sub
505 2547 622 2646 jugum
640 2548 753 2611 missus
775 2548 834 2630 est]
853 2555 883 2610 et
897 2548 1008 2610 victus.
1047 2545 1177 2612 Addidi

122 2633 207 2697 istud
223 2656 262 2697 ex
276 2632 358 2697 libro
374 2635 526 2697 Fuxensl.
564 2633 736 2698 Audaciam
758 2631 849 2696 istam
868 2631 946 2696 mihi
966 2631 1039 2696 fecit
1062 2633 1177 2698 Minu-

122 2719 200 2798 cius,
221 2719 308 2806 apud
330 2743 424 2807 quem
447 2719 492 2784 ita
511 2720 644 2807 legitur:
668 2721 845 2784 Mancinus
864 2719 1043 2807 religionen
1058 2723 1176 2799 tenuit,

122 2816 152 2870 et
166 2807 224 2870 sich
239 2809 372 2904 signant
392 2808 508 2870 missus
523 2816 569 2871 est
583 2817 613 2872 et
625 2808 759 2871 deditus.
806 2806 871 2869 Pro
893 2829 931 2870 eo
949 2805 1036 2891 quod
1058 2805 1175 2870 Minu·

122 2891 190 2956 eius
209 2891 289 2955 dixit
304 2893 428 2955 deditas
449 2891 528 2956 liber
550 2893 708 2957 Fuxensis
726 2893 821 2957 habet
836 2895 947 2957 uictus.
980 2894 1174 2959 Bsiozms.

124 2978 228 3042 Verba
246 2977 314 3041 haec
331 2999 371 3040 ne
394 2977 467 3056 lexi,
482 3001 555 3065 quae
575 2979 641 3043 sinc
661 2978 774 3043 idonea
787 3002 881 3043 causa
895 3002 933 3042 ex
954 2977 1099 3042 Minucio
1114 2979 1175 3042 ad-

122 3064 189 3129 dita
204 3074 277 3128 sunt
291 3086 311 3126 a
325 3001 475 3139 Baluzim
498 3064 553 3128 sed
567 3064 684 3128 interea
698 3079 812 3150 praeter
827 3065 895 3151 ejus
908 3079 1042 3128 mentem
1058 3064 1090 3128 in
1107 3064 1177 3128 edi-

123 3151 207 3216 tione
221 3151 274 3215 illa
288 3164 435 3238 postuma
448 3165 519 3238 post
533 3173 623 3215 voces
638 3161 668 3216 et
681 3160 792 3237 captus
806 3160 853 3215 est
866 3150 983 3214 locata

168 3238 252 3304 Ibid.
270 3237 292 3301 l.
310 3257 360 3323 29.
384 3253 416 3303 et
437 3263 474 3302 eo
496 3237 617 3302 facilius
636 3251 668 3302 ct
690 3236 848 3323 navigavit
868 3251 899 3301 et
920 3236 1008 3320 vicit]
1027 3235 1175 3299 Particu-

123 3324 229 3391 lamet
249 3325 281 3389 in
304 3324 473 3390 Oxoniensi
493 3325 623 3412 aliisque
644 3324 732 3388 editt.
749 3323 878 3387 vocibus
893 3323 1076 3409 eofueilius
1091 3344 1175 3407 prae-

122 3411 219 3476 fixam
244 3411 387 3491 restitui3
413 3412 522 3475 eadem
549 3434 623 3476 vero
645 3409 799 3498 particula
824 3423 896 3472 ante
918 3410 1048 3473 verbum
1072 3411 1173 3472 riani-

118 3501 217 3582 gavit
228 3497 262 3560 in
276 3496 385 3560 iisdem
400 3496 488 3560 libris
501 3497 614 3562 omissa
628 3512 684 3562 est.
711 3498 858 3582 Utroque
871 3495 940 3559 loco
952 3517 1021 3559 eam
1036 3493 1173 3559 servavit

123 3582 222 3646 codex
238 3582 322 3645 Novi
335 3581 480 3667 Collegii,
492 3604 588 3667 quem
602 3583 729 3646 nomino
743 3581 924 3646 secundum.

168 3671 207 3732 P.
224 3670 295 3734 260.
319 3666 341 3730 l.
358 3681 389 3749 7.
413 3669 587 3756 Hostanes]
612 3669 734 3732 Plinius
758 3669 813 3733 lib.
830 3669 954 3733 XXX.
974 3669 1064 3731 Hist.
1086 3666 1170 3731 Nat.

123 3775 191 3841 cap.
209 3773 239 3821 2.
256 3754 400 3830 Primus,
415 3753 497 3840 quod
510 3764 603 3831 estet,
618 3764 655 3818 ut
674 3757 813 3842 equidem
831 3757 968 3831 inuenio,
984 3762 1171 3817 cornmentu·

123 3850 174 3904 tus
185 3842 223 3904 de
233 3861 270 3904 eu
283 3839 415 3925 (magia)
430 3840 600 3913 Osthanes5
618 3843 660 3903 X
656 3863 762 3905 erarem
776 3863 882 3928 regent
893 3842 1068 3903 Persarum
1083 3840 1170 3917 bellet,

122 3928 254 4015 quadis
279 3927 411 3990 &acia
431 3927 552 4003 intulit,
574 3929 760 3992 comitatus:
782 3949 819 3991 ac
841 3928 926 3990 uelat
945 3928 1067 3990 semina
1088 3927 1172 3990 artis

121 4023 310 4099 portentose
324 4015 492 4098 sparsisse,
505 4015 605 4077 obiter
619 4016 734 4100 irffecto
752 4033 936 4100 quacurtque
953 4014 1172 4076 cornneauerit

123 4103 250 4164 incendo.
286 4099 518 4186 Diligentiores
535 4101 634 4186 pand)
648 4110 721 4164 unte
734 4101 817 4162 lurco
828 4106 953 4186 portant
970 4100 1172 4163 Zoroastren

122 4187 223 4250 aliani
238 4186 526 4249 Proconnensium:
546 4187 629 4272 quod
646 4186 900 4264 vesstimentis
915 4186 1040 4249 nomine
1056 4186 1171 4249 Ostiu-

123 4291 179 4336 nes
196 4273 239 4336 ud
257 4271 388 4350 rabien,
403 4293 467 4336 uon
486 4273 671 4338 aviditatem
691 4272 779 4336 nodo
792 4272 932 4336 scientia
946 4273 1026 4358 ejus,
1044 4273 1170 4336 Groeco·
