2678 4830
329 342 393 405 DE
417 340 574 405 OPERE
598 338 663 402 ΕΤ
686 337 1036 404 ELEEMOSYNIS.
1147 340 1212 409 299

164 512 347 587 dedecoris
377 539 418 585 ac
449 509 682 610 turpitudinis
710 537 784 583 suae
811 511 919 583 rubor
948 509 1073 601 caedat,
1101 525 1213 610 ponat

166 628 415 726 unusquisque
439 638 521 699 ante
545 627 667 699 oculos
691 653 773 699 suos
795 625 979 700 diabolum
1000 653 1083 700 cum
1103 625 1212 699 servis

167 745 251 833 suis,
276 744 312 815 id
339 758 403 832 est,
429 769 512 817 cum
542 742 678 842 populo
704 741 914 841 perditionis
941 769 983 816 ac
1008 742 1146 828 mortis,
1173 742 1212 813 in

167 858 326 932 medium
352 859 524 958 prosilire,
542 859 686 957 plebem
706 857 853 948 Christi,
870 872 1046 958 praesente
1062 870 1099 930 et
1116 857 1215 956 judi-

140 989 271 1067 5cante
295 975 384 1073 ips0,
403 973 680 1073 comparationis
698 975 864 1047 examine
882 1001 1075 1073 provocare
1093 973 1215 1048 dicen-

166 1103 266 1163 tem:
292 1089 375 1188 Ego
400 1115 465 1188 pro
492 1089 568 1162 istis
595 1116 685 1186 quos
712 1116 856 1163 mecum
879 1089 979 1163 vides
1002 1117 1069 1163 nec
1095 1090 1215 1190 alapas

168 1207 303 1306 accepi,
321 1234 388 1279 nec
406 1206 546 1304 flagella
564 1206 729 1293 sustinui,
744 1234 812 1281 nec
830 1233 971 1281 crucem
992 1207 1135 1306 pertuli,
1148 1233 1216 1279 nec

169 1323 382 1422 sanguinem
405 1321 495 1412 fudi,
515 1349 581 1395 nec
602 1321 775 1396 familiam
802 1350 920 1397 meam
943 1323 1058 1423 pretio
1082 1323 1215 1421 passio·

170 1440 226 1512 nis
243 1453 280 1512 et
305 1440 439 1513 cruoris
461 1439 619 1524 redemi3
647 1439 707 1512 sed
727 1467 794 1513 nec
811 1467 963 1539 regnum
981 1440 1051 1513 illis
1070 1440 1217 1513 coeleste

125 1557 353 1656 ropromitt0,
371 1583 439 1628 nec
464 1556 508 1628 ad
534 1556 740 1656 paradisum
762 1557 928 1630 restituta
945 1556 1216 1630 immortalitate

171 1673 289 1746 denuo
306 1698 448 1758 revoco;
465 1687 501 1745 et
518 1699 669 1745 munera
687 1673 778 1745 mihi
798 1699 905 1771 quam
925 1674 1092 1774 pretiosa,
1106 1699 1215 1770 quam

171 1790 330 1890 grandia,
348 1815 457 1888 quarn
477 1789 591 1862 nimio
609 1803 646 1863 et
666 1791 774 1889 longo
791 1791 911 1863 labore
929 1791 1078 1888 quaesita
1094 1815 1219 1889 sump-

171 1907 386 1982 tuosissimis
413 1907 645 2006 apparatibus
672 1919 894 2006 comparant,
923 1909 1029 1982 rebus
1060 1907 1133 1980 suis
1162 1907 1218 1980 vel

172 2025 340 2124 obligatis
363 2024 400 2095 in
424 2023 582 2096 muneris
606 2024 875 2122 comparatione
897 2026 953 2097 vel
976 2023 1150 2108 venditis;
1178 2049 1220 2096 ac

129 2140 239 2231 15nisi
269 2140 380 2212 editio
409 2139 560 2212 honesta
590 2140 810 2228 successerit,
837 2141 1007 2212 conviciis
1038 2167 1079 2213 ac
1108 2139 1220 2212 sibilis

173 2257 378 2354 ejiciuntur,
397 2269 433 2327 et
454 2256 572 2328 furore
597 2255 762 2355 populari
781 2282 1041 2353 nonnunquam
1061 2281 1154 2354 pene
1172 2256 1222 2329 la-

174 2370 363 2470 pidanturl
397 2372 496 2444 Tuos
519 2371 607 2443 tales
632 2371 866 2459 munerarios,
892 2370 1047 2455 Christe,
1070 2368 1220 2443 demon·

175 2500 258 2575 stra,
275 2487 355 2559 illos
373 2487 512 2575 divites,
531 2487 609 2558 illos
633 2487 786 2585 copiosis
810 2486 941 2586 opibus
964 2487 1159 2575 affluentes,
1177 2514 1223 2559 an

176 2606 215 2676 in
232 2604 381 2678 ecclesia
399 2603 613 2704 praesidente
631 2616 667 2675 et
689 2616 874 2701 spectante
893 2617 929 2676 te
947 2603 1124 2699 ejusmodi
1144 2630 1224 2675 mu-

130 2749 244 2794 sonus
275 2721 395 2809 edant,
425 2721 669 2820 oppigneratis
700 2721 755 2792 vel
788 2719 965 2793 distractis
999 2722 1105 2792 rebus
1141 2720 1225 2809 suis,

177 2838 292 2911 immo
317 2836 360 2910 ad
385 2838 551 2910 coelestes
574 2836 760 2909 thesauros
784 2848 922 2909 mutata
941 2836 977 2908 in
997 2837 1126 2908 melius
1145 2863 1226 2934 pos·

178 2953 334 3027 sessione
352 2953 543 3026 translatis.
587 2953 631 3026 In
650 2953 726 3026 istis
747 2953 953 3032 muneribus
974 2952 1063 3025 meis
1081 2952 1225 3026 caducis

180 3084 287 3167 atque
310 3069 458 3142 terrenis
481 3095 590 3142 nemo
614 3071 785 3168 pascitur,
807 3096 916 3142 nemo
939 3070 1099 3160 vestitur,
1117 3095 1226 3142 nemo

180 3187 250 3260 cibi
278 3187 429 3282 alicujus
455 3203 517 3259 aut
542 3199 650 3284 potus
676 3187 803 3259 solatio
829 3186 1035 3260 sustinetur.
1086 3187 1227 3260 Cuncta

134 3305 273 3399 25inter
289 3302 444 3376 furorem
464 3301 603 3374 edentis
622 3316 659 3374 et
682 3304 877 3400 spectantis
900 3329 1054 3375 errorem
1077 3303 1229 3404 prodiga

180 3435 217 3493 et
242 3420 351 3492 stulta
376 3419 603 3517 voluptatum
630 3419 878 3491 frustrantium
902 3418 1060 3492 vanitate
1083 3419 1231 3519 depere-

180 3550 259 3610 unt.
312 3535 394 3608 Illic
411 3536 448 3607 in
467 3535 686 3633 pauperibus
704 3535 776 3608 tuis
795 3549 833 3607 tu
852 3536 991 3608 vestiris
1009 3549 1045 3608 et
1062 3539 1229 3635 pasceris,

181 3666 222 3725 tu
239 3667 408 3726 aeternam
428 3652 539 3723 vitam
558 3651 789 3749 operantibus
808 3652 1007 3750 polliceris3
1034 3666 1072 3726 et
1093 3655 1155 3728 vix
1177 3656 1230 3728 tui

183 3767 273 3840 meis
297 3767 531 3867 pereuntibus
555 3764 801 3863 adaequantur,
819 3767 882 3865 qui
900 3780 973 3840 ate
991 3767 1120 3841 divinis
1138 3796 1231 3842 mer-

136 3882 330 3975 gocedibus
349 3898 385 3957 et
402 3882 560 3983 praemiis
578 3883 787 3957 coelestibus
805 3883 1038 3956 honorantur.
1069 3885 1166 3968 Quid
1186 3885 1232 3959 ad

185 4001 262 4073 haec
279 4001 548 4100 respondemus,
566 4000 691 4073 fratres
709 3999 907 4073 carissimi?
934 4000 1115 4100 Sacrilega
1132 4001 1232 4074 steri-

185 4118 284 4191 litate
310 4134 346 4190 et
368 4118 524 4216 quadam
551 4118 778 4191 tenebrarum
807 4130 913 4191 nocte
936 4133 1122 4216 coopertas
1143 4117 1233 4192 divi-

185 4248 264 4308 tum
293 4248 431 4308 mentes
462 4261 534 4332 qua
559 4233 697 4308 ratione
722 4233 961 4325 defendimus,
988 4261 1059 4333 qua
1086 4260 1233 4308 excusa-
