2678 4830
124 311 145 371 4
375 306 609 372 VETERUM
635 303 941 370 TESTIMONIA

343 481 485 539 Eusebius
499 481 577 539 Hier.
592 481 672 538 Eool.
686 479 738 537 lib.
750 478 806 536 111.
822 497 886 555 cap.
898 477 949 553 36.

172 584 229 646 Καὶ
250 585 266 647 ὃ
291 586 488 666 Πολίκαρπος
508 586 540 648 δὲ
562 586 673 648 τούτων
695 582 791 646 αιἰτῶν
813 586 1025 663 (Epistolamm
1046 585 1160 663 Ignatii)

126 685 270 767 μίμνητοι
289 688 377 766 {vr-fr
400 685 549 768 φερομένη
570 687 659 750 αὐτοῦ
678 683 751 766 πρὸς
772 682 989 762 Φιλιππησίους
1012 681 1161 761 ἐπιστολῇ·

126 786 252 870 φάσκων
264 788 361 855 αὐτοῖς
371 787 492 870 ῥήμασι,
505 793 674 870 Παρακαλῶ
688 787 741 851 οὖν
755 784 867 851 πάντας
879 786 954 864 ὑμᾶς
964 789 1019 849 διο.
1035 790 1113 866 (cap.
1122 790 1163 865 9.)

314 932 324 960 ⁶
397 917 600 975 Eusebiioetas
611 915 889 992 InterpresRufiaaa.
1170 925 1183 986 5

167 1016 226 1074 Sed
253 1027 284 1074 et
317 1017 492 1093 Polycarpus
521 1015 625 1073 horum
666 1034 719 1092 per
754 1014 828 1079 hec,
866 1013 1025 1087 Deprecor,
1062 1011 1163 1088 inquit,

125 1098 297 1156 memoriam
325 1096 395 1154 facit
421 1097 453 1154 in
483 1096 624 1172 Epistola,
666 1114 768 1155 omnes
781 1093 900 1153 vostro.

127 1199 214 1255 quam
236 1180 273 1237 ad
294 1177 494 1255 Philippenses
515 1177 624 1245 scribit,

288 1325 319 1384 S.
332 1325 539 1403 Hieronymus,
551 1326 597 1383 De
611 1325 685 1382 Viris
696 1324 865 1390 Illustribus,
880 1341 944 1399 cap.
959 1337 1005 1396 17.
1248 1400 1252 1415 Ι

167 1433 342 1509 Polycarpus
363 1431 505 1491 Johannis
526 1432 651 1509 apostoli
672 1431 840 1508 discipulus,
862 1440 893 1488 et
916 1429 953 1486 ab
976 1447 1011 1486 eo
1036 1427 1203 1505 Smyrnam

126 1531 280 1607 episeopus
297 1529 455 1596 ordinatus,
478 1531 567 1588 totius
587 1531 664 1588 Asiae
684 1530 819 1606 princeps
839 1525 1112 1604 fixit——Soripsit
1132 1526 1167 1584 ad

126 1629 325 1704 Philippenses
338 1628 423 1686 valde
437 1629 540 1686 utilem
559 1629 729 1706 Epistolam‚
746 1648 810 1706 quse
828 1646 921 1704 usque
938 1626 1026 1685 hodie
1045 1627 1078 1684 in
1091 1626 1167 1684 Asia

126 1737 275 1783 conventu
287 1724 403 1803 legitur.

247 1865 330 1922 Idem
344 1866 550 1942 Hieronymus,
565 1866 659 1941 Epist.
672 1864 813 1924 XXVIII.
828 1864 866 1923 ad
880 1864 1046 1922 Lucinium.
1142 1944 1148 1953 .

166 1970 254 2028 Porro
267 1969 389 2046 Josephi
405 1970 505 2038 libros,
521 1983 551 2029 et
570 1982 736 2030 sanctorum
754 1971 849 2047 Papiae
870 1981 900 2030 et
918 1970 1072 2047 Polycarpi
1085 1971 1210 2040 volu-15

125 2068 215 2134 mina,
230 2068 318 2127 falsus
331 2069 370 2126 ad
383 2081 412 2128 te
425 2090 525 2128 rumor
537 2070 668 2147 pertulit,
681 2089 699 2126 a
711 2089 759 2128 me
773 2088 837 2129 ease
851 2070 1008 2126 translata:
1030 2069 1101 2145 quia
1114 2089 1171 2128 nec

124 2166 178 2223 otii
196 2167 265 2233 mei,
280 2185 336 2226 neo
353 2168 459 2226 virium
474 2180 528 2234 est,
544 2179 640 2225 tantas
658 2186 705 2225 res
724 2167 827 2225 eadem
846 2167 878 2224 in
896 2167 1018 2225 alteram
1036 2167 1172 2247 linguam

125 2265 285 2341 exprimere
299 2285 366 2323 oum
380 2278 543 2324 venustate.

253 2414 335 2472 Idem
350 2414 557 2491 Hieronymus,
572 2413 659 2470 Libro
673 2414 735 2470 ado.
750 2412 917 2478 Helvidium,
934 2431 997 2489 cap.
1011 2431 1039 2488 9.

163 2524 315 2600 Numquid
333 2544 395 2583 non
413 2542 531 2601 possum
547 2522 601 2579 tibi
615 2533 709 2580 totam
722 2533 855 2579 veterum
874 2520 1047 2596 scriptorum
1062 2522 1173 2580 seriem
1184 2537 1219 2576 πο

124 2641 320 2689 commovere,
332 2622 489 2701 Ignatium,
502 2622 715 2685 Ponxoaaruu,
728 2619 882 2686 Irenaeum,
893 2619 1042 2676 Justinum
1052 2619 1173 2699 Marty-

122 2738 196 2785 rem,
214 2720 379 2794 multosque
400 2721 472 2777 alios
493 2718 677 2794 apostolicos,
698 2728 729 2774 et
746 2719 917 2793 eloquentes
935 2718 1023 2783 viros,
1043 2719 1098 2793 qui
1120 2719 1175 2777 ad·

123 2835 225 2874 versus
238 2816 393 2896 libionem,
408 2827 439 2873 et
451 2816 637 2874 Theodotum
651 2816 837 2893 Byzantium,
850 2827 880 2873 et
890 2816 1094 2885 Valentinum,
1107 2819 1176 2877 haeo

124 2914 227 2971 eadem
241 2913 411 2979 sentientes,
426 2913 514 2989 plena
527 2914 675 2990 sapientiae
689 2914 840 2971 volumina
853 2915 1111 2991 conscripserunt?

124 3063 282 3130 Maximus,
298 3064 326 3120 ιἰι
339 3063 458 3122 scholiis
476 3064 513 3119 ad
528 3063 684 3138 Epistulam
697 3062 766 3119 VII.
781 3063 1041 3139 Pseudo-Dionysii,
1057 3084 1119 3140 ᾳιια
1131 3077 1175 3124 est
1185 3084 1219 3145 25

526 3163 564 3218 ad
575 3161 768 3237 Polycarpum.

166 3264 205 3331 ‘O
223 3262 306 3347 ἅγιος
324 3265 409 3331 οὗτος
429 3265 636 3346 Πολύκαρπος,
656 3264 789 3345 Σμύρνης
808 3267 859 3342 τῆς
879 3266 912 3327 ἓν
931 3261 1020 3348 Ἀσίᾳ
1039 3262 1174 3346 γέγονεν

125 3371 294 3441 ἐπίσκοπος,
310 3368 453 3448 ἀκροατὴς
466 3369 628 3450 γενόμενος
645 3371 698 3430 τοῦ
715 3369 801 3449 ἁγίου
818 3366 958 3430 Ἰωάννου
972 3371 1025 3430 τοῦ
1040 3368 1172 3450 εὐαγγε-

123 3476 240 3549 λιστοῦ,
256 3472 294 3537 ὥς
315 3479 408 3552 φησιν
419 3474 583 3554 Εἰρηναῖος
603 3472 637 3535 ἐν
656 3474 696 3556 τῷ
717 3472 803 3556 τρίτῳ
823 3472 936 3555 βιβλίιρ
956 3474 1014 3533 τῶν
1030 3474 1105 3535 κατὰ
1120 3477 1174 3553 τῆς

123 3568 318 3656 ψευδωνύμου
339 3570 493 3656 yvuioeos'
521 3574 569 3638 καὶ
589 3576 736 3658 μαρτυρίιρ
760 3575 792 3638 δὲ
815 3575 971 3653 ἐτελειώθη
995 3576 1043 3637 διὰ
1065 3579 1169 3657 πυρός.
1182 3601 1222 3659 30

118 3675 209 3763 Ἔχει
228 3679 261 3741 δὲ
281 3677 328 3741 καὶ
348 3680 508 3744 ἐπιστολὰς
528 3680 544 3740 ὁ
565 3677 651 3744 αὐτὸς
668 3682 746 3743 θεῖος
760 3678 957 3758 Πολύκαρπος
970 3677 1043 3758 πρὸς
1057 3683 1170 3745 Φιλιπ-

123 3783 255 3861 πησίους.
292 3787 349 3864 Op.
364 3786 487 3844 Maximi
501 3797 572 3843 torn.
585 3786 609 3841 Ι.
624 3805 654 3860 p.
667 3802 716 3860 93.
733 3784 778 3842 ed.
795 3783 936 3842 Corderii.

147 3902 328 3961 Sanctushic
337 3903 512 3978 Polycarpus
521 3899 621 3976 Smyr·
662 3900 749 3956 minis
766 3898 936 3966 scientiam;
960 3911 990 3957 et
1003 3919 1074 3957 vero
1088 3920 1169 3959 mar-

122 4004 167 4042 nae
188 3984 220 4041 in
239 3984 317 4041 Asiae
337 3983 393 4040 fuit
413 3983 576 4058 episeopus,
592 3993 622 4038 et
663 3980 738 4056 tyrio
756 3999 809 4055 per
829 3981 928 4059 ignem
947 3994 1171 4042 consummatus

122 4065 236 4124 auditor
250 4064 359 4122 exstitit
372 4064 466 4121 sancti
478 4063 621 4120 Johannis
662 4073 716 4120 est.
755 4061 854 4119 Habet
868 4082 984 4138 quoque
998 4062 1076 4120 idem
1090 4064 1169 4122 divi-
1180 4088 1218 4148 35

122 4146 316 4225 evangelistae,
330 4156 364 4203 ut
384 4145 426 4202 ait
444 4145 572 4202 Irenaeus
589 4144 621 4201 in
662 4162 716 4200 nus
731 4143 906 4220 Polycarpus
919 4145 1030 4202 litteras
1045 4145 1081 4201 ad
1096 4145 1168 4204 Phi-

122 4228 206 4284 tertio
227 4227 301 4285 libro
322 4228 459 4284 adversus
479 4225 543 4282 falsi
567 4245 620 4282 no·
661 4224 816 4299 lippenses.
