2678 4830
289 325 354 389 DE
377 323 536 389 OPERE
559 322 624 386 ET
648 320 1001 386 ELEEMOSYNIS.
1110 319 1173 384 301

126 524 229 582 core,·
250 496 360 586 sitini,
378 505 414 570 et
429 520 501 568 non
520 503 691 592 potestas
712 520 769 567 me
775 526 788 578 ,·
815 491 941 593 bospes
949 488 1033 593 fui,
1051 501 1087 564 et
1102 517 1175 565 uon

126 614 330 687 adduxistis
346 638 422 696 me,·
451 611 572 685 nudus
590 620 626 684 et
642 636 714 683 non
729 609 889 684 vestistis
905 633 963 682 me
968 641 981 693 ,·
1006 604 1176 706 infirmus

127 731 216 804 etin
234 754 390 816 carcere,
409 738 445 801 et
467 754 539 800 non
559 727 737 801 visitastis
757 751 824 799 me.
863 725 967 797 Tune
982 717 1176 821 responde-

127 847 217 919 bunt
240 855 276 918 et
298 845 369 942 ipsi
392 845 575 918 dicentes.-
598 843 772 929 Domine,
791 842 936 942 quondo
960 851 996 914 te
1019 841 1176 914 uidimus

98 963 344 1051 5esurientem
370 970 436 1033 nut
458 961 652 1045 sitientm,
670 970 736 1033 out
752 958 927 1057 bospitem
944 968 1011 1031 out
1026 957 1175 1046 nudum,

126 1085 192 1151 out
209 1075 398 1177 infirmum
422 1087 488 1150 out
511 1076 550 1149 in
573 1101 731 1165 carcere,
750 1084 785 1148 et
801 1102 872 1148 non
888 1074 1176 1147 ministravimus

127 1195 222 1269 not?
256 1194 310 1266 Et
327 1192 556 1290 respondebit
578 1191 680 1265 illis.-
699 1191 818 1265 Amen
836 1191 914 1264 dico
931 1191 1042 1280 uobis,
1060 1216 1177 1289 quun-

128 1312 189 1385 diu
211 1337 282 1384 non
290 1307 445 1409 fecistis
463 1310 529 1382 uni
546 1335 590 1381 en
606 1308 766 1382 minimis
782 1307 849 1396 bis,
867 1332 983 1407 neque
1006 1304 1095 1378 mibi
1105 1305 1177 1407 fe-

128 1427 238 1500 cistis.
280 1426 333 1499 Et
365 1425 515 1499 obibunt
544 1425 606 1498 isti
635 1425 674 1497 in
704 1424 965 1497 ambustionem
995 1432 1176 1512 eternum,

83 1575 118 1613 10
115 1543 217 1642 justi
234 1553 355 1616 antem
373 1542 412 1614 in
428 1543 541 1616 vitum
558 1551 742 1615 (eternum.

176 1659 325 1733 XVIII.
352 1658 449 1741 Quid
480 1658 601 1757 potuit
627 1658 733 1731 nobis
762 1656 879 1754 majus
908 1655 1075 1729 Christus
1102 1653 1177 1728 edi-

128 1777 230 1850 cere?
265 1775 460 1859 Quomodo
479 1774 594 1872 magis
611 1774 732 1874 potuit
748 1773 899 1871 justitiae
917 1800 958 1846 ac
976 1772 1178 1846 misericor-

34 1992 36 1996 Α
128 1892 196 1965 diae
228 1905 358 1965 nostrae
388 1918 495 1990 opera
525 1918 717 1990 provocare
748 1916 857 1986 quam
890 1889 986 1988 quod
1016 1888 1176 1988 ptaestari

129 2008 221 2080 dixit
247 2009 313 2081 sibi
339 2006 513 2106 quiequid
540 2008 659 2105 egenti
683 2019 873 2105 praestatur
894 2020 931 2078 et
956 2004 1116 2104 pauperi,
1139 2016 1178 2078 et

84 2152 117 2213 15
130 2152 167 2197 se
184 2124 277 2198 dixit
294 2124 425 2197 offendi
444 2123 512 2195 nisi
531 2124 650 2222 egenti
669 2136 860 2222 praestetur
877 2136 914 2195 et
935 2122 1107 2221 pauperi;
1133 2134 1177 2195 ut

129 2244 189 2341 qui
220 2256 384 2341 respectu
415 2239 530 2313 fratris
562 2239 597 2311 in
631 2238 781 2311 ecclesia
811 2265 883 2310 non
916 2251 1091 2328 movetur,
1118 2239 1176 2311 vel

130 2359 265 2431 Christi
290 2355 595 2456 contemplatione
620 2368 816 2441 moveatur,
839 2367 876 2427 et
898 2355 958 2452 qui
984 2380 1056 2426 non
1079 2353 1177 2452 cogi-

130 2487 184 2547 tat
204 2474 240 2546 in
264 2475 385 2546 labore
409 2480 518 2571 'atque
542 2472 578 2545 in
602 2484 760 2571 egestate
779 2497 1003 2559 conservum,
1022 2473 1076 2544 vel
1098 2471 1177 2544 Do-

130 2589 271 2662 minum
297 2590 430 2689 cogitet
453 2589 489 2660 in
517 2588 595 2687 ipso
618 2587 680 2659 illo
704 2614 814 2685 quem
832 2586 985 2686 despicit
1003 2587 1178 2662 constitu-

83 2708 233 2780 uotum?
269 2706 321 2779 Et
344 2705 489 2795 idcirco,
505 2705 629 2777 fratres
650 2703 837 2793 carissimi,
852 2704 984 2802 quibus
1002 2717 1120 2778 metus
1138 2705 1175 2778 in

130 2822 253 2896 Deum
272 2848 406 2922 pronus
424 2834 488 2910 est,
506 2833 542 2892 et
565 2835 684 2918 spreto
708 2821 916 2919 calcatoque
935 2819 1013 2917 jam
1040 2821 1177 2894 mundo

130 2938 175 3011 ad
194 2965 347 3038 superna
365 2950 402 3010 et
421 2937 541 3010 divina
562 2937 704 3009 animus
726 2950 864 3010 erectus
882 2951 949 3026 est,
968 2937 1040 3008 fide
1058 2937 1176 3035 plena,

130 3070 252 3127 mente
269 3054 408 3142 devota,
421 3053 628 3153 operatione
646 3054 828 3140 continua,
843 3053 1082 3152 promerendo
1098 3053 1178 3126 Do·

131 3172 242 3257 mino,
260 3171 473 3268 obsequium
492 3171 726 3269 praebeamus.
776 3168 919 3241 Demus
937 3169 1083 3241 Christo
1099 3196 1177 3242 ves-

84 3318 118 3378 ²5
130 3287 283 3360 timenta
300 3300 450 3376 terrena,
467 3284 680 3357 indumenta
697 3284 856 3357 coeIestia
875 3285 1065 3383 recepturi.
1100 3284 1176 3358 De-

130 3432 211 3477 mus
238 3403 359 3476 cibum
384 3417 420 3475 et
445 3417 574 3499 potum
598 3400 815 3485 saecularem,
834 3427 918 3473 eum
936 3400 1121 3473 Abraham
1139 3414 1177 3474 et

130 3521 231 3594 Isaac
250 3533 287 3591 ct
303 3519 420 3592 Jacob
445 3517 489 3590 ad
513 3517 716 3590 convivium
742 3517 889 3589 eoeleste
911 3517 1063 3589 venturi.
1116 3517 1176 3590 Ne

130 3663 256 3734 parum
283 3647 472 3722 metamus,
490 3633 689 3732 plurimum
713 3633 942 3706 seminemus.
985 3633 1177 3706 Securitati
1282 3726 1290 3734 ·

130 3778 171 3824 ac
189 3751 293 3824 saluti
311 3766 451 3823 aeternae
469 3749 555 3821 dum
575 3762 720 3847 tempus
738 3761 793 3821 est
809 3750 1051 3838 consulamus,
1065 3749 1176 3821 Paulo

81 3867 292 3963 30apostolo
317 3866 533 3937 admonente
556 3877 593 3937 et
614 3864 776 3937 dicente:
796 3865 901 3963 Ergo
925 3866 1009 3937 dum
1034 3874 1283 3961 tempu-sanai,

129 3980 299 4055 babemus
315 4008 506 4079 operemur
522 3981 619 4078 quod
633 3981 761 4054 bonum
785 3990 839 4053 est
855 3981 906 4053 od
925 4006 1057 4069 omnes,
1073 4005 1176 4054 mun·

128 4099 199 4170 ime
216 4107 337 4170 nutem
355 4099 406 4172 od
421 4096 628 4171 domesticos
629 4095 741 4194 fidei.
781 4097 925 4169 Bonum
944 4093 1176 4195 nutemfoci-

130 4223 229 4286 entes
246 4239 318 4285 uon
335 4211 557 4313 deficiemus.
591 4212 765 4309 Tempore
784 4212 878 4285 enim
895 4239 960 4285 suo
978 4221 1165 4285 metemus.
