2678 4830
196 314 247 377 ny
267 314 301 377 s.
314 292 454 377 cren.
470 312 535 375 on
552 309 709 374 ornus
729 309 795 373 nr
815 309 1054 374 scontros,
1091 311 1157 378 aar

108 485 141 548 δὲ
157 485 204 547 καὶ
217 485 410 563 βουλόμενοι,
427 484 501 546 κατὰ
519 483 693 562 προαίρεσιν
709 481 833 548 ἕκαστος
847 481 900 560 τὴν
916 483 1031 558 ἑαυτοῦ,
1048 480 1064 543 b
1083 483 1156 560 βού-

107 577 194 635 λεται
209 572 320 642 δίδωσι,
337 569 385 632 καὶ
399 568 433 632 τὸ
449 569 676 648 συλλεγόμενον
694 571 775 648 παρὰ
789 571 828 652 τῷ
842 573 1007 648 προεστῶτι
1021 569 1156 631 ὑποτίθε-

108 681 167 733 ται,
184 656 232 719 καὶ
254 653 340 720 αὐτὸς
363 657 513 735 ἐπικουρεῖ
532 656 675 734 ὀρφανοῖς
696 679 729 716 τε
750 653 798 716 καὶ
812 652 925 735 χήραις,
944 654 1000 716 bic.
1038 653 1155 716 Obser-

107 740 247 804 vandum
265 738 362 816 venit,
378 740 541 803 Domlnlcc'
561 761 637 802 voce
654 737 714 801 tria
732 736 898 824 significari
917 738 1003 824 apud
1023 752 1154 803 veteres.

110 847 138 889 1.
156 825 251 888 Diem
272 825 390 910 ipsam;
414 824 460 888 ita
480 824 615 888 habetur
630 826 734 910 Apoc.
750 823 773 887 i.
791 844 820 907 9.
842 839 873 888 et
897 826 1003 910 Ignat.
1026 826 1091 911 Ep.
1114 825 1155 889 ad

108 910 260 974 Trallian.
295 929 325 977 2.
341 909 528 983 Ecclesiam
545 909 590 974 ita
615 909 734 974 Concil.
759 909 899 974 Neocaes
920 933 988 974 can.
1008 924 1040 994 5.
1062 910 1156 997 jubet

106 996 365 1060 catechumenum
384 996 611 1083 ingredientem
626 998 657 1063 ἐς
671 995 704 1058 τὸ
721 996 868 1077 κυριακὸν,
882 995 913 1058 in
929 995 997 1059 loco
1012 997 1156 1060 catechu-

106 1104 271 1146 menorum
293 1082 478 1147 subsistere:
508 1097 539 1147 et
562 1081 693 1145 Hieron.
709 1080 742 1143 in
758 1080 914 1145 Chronico
934 1082 976 1146 sic
995 1105 1071 1146 voce
1086 1085 1155 1147 Do-

106 1169 216 1231 ιιιῖιιῖοῖ
230 1168 344 1233 utitur.
387 1171 434 1231 Et
452 1168 486 1231 in
499 1167 675 1232 vernaculis
692 1168 805 1230 nostris
826 1167 953 1254 linguis,
969 1169 1155 1233 nostratium

109 1255 248 1332 Clarclt,
262 1269 294 1319 et
310 1255 541 1318 Germanorum
556 1254 672 1331 Doltm,
688 1277 728 1316 ex
743 1252 802 1316 hoc
817 1253 904 1318 fonte
918 1253 1040 1340 liquido
1054 1255 1155 1320 dedu·

108 1354 234 1404 cuntur.
266 1361 298 1426 3.
315 1339 450 1403 Ponitur
464 1363 524 1427 pro
538 1341 694 1428 mysteriis
707 1339 776 1403 loco
791 1353 822 1403 et
839 1354 979 1427 tempore
998 1340 1156 1488 praedictis

107 1425 256 1489 celebrari
279 1425 394 1500 solitis;
426 1425 470 1489 ita
493 1426 630 1508 κυριακὸν
652 1433 762 1504 τελεῖν,
785 1440 832 1490 est
856 1426 949 1490 sacris
970 1429 996 1489 C
1022 1426 1156 1491 ristianis

108 1511 240 1598 operari.
272 1514 319 1575 Et
330 1511 460 1575 fortasse
475 1512 537 1576 huc
552 1511 637 1590 facit,
649 1512 736 1598 quod
750 1511 801 1576 hic
815 1511 941 1591 dicitur,
951 1513 1156 1577 Dominlcum

107 1598 261 1661 celebrare
281 1607 310 1661 tc
328 1598 454 1661 credis?
489 1600 582 1662 Certe
596 1598 676 1662 adeo
689 1613 794 1662 arctus
808 1612 875 1662 erat
889 1621 989 1662 nexus
1003 1598 1085 1663 inter
1099 1623 1153 1663 eu-

107 1682 259 1747 charistiae
284 1683 514 1770 perceptionem
535 1699 568 1749 et
588 1684 644 1771 jus
668 1684 839 1749 oblationes
862 1684 1089 1771 participandi3
1119 1699 1156 1748 ut

130 1769 176 1832 ari
191 1792 313 1857 semper
326 1793 419 1858 passu
434 1771 657 1857 procederent;
682 1784 713 1834 et
727 1771 863 1835 abstenti
877 1771 1070 1849 viderentur,
1086 1771 1156 1858 qui-

106 1792 167 1918 bus
192 1855 252 1919 hoc
278 1855 477 1942 privilegium
504 1859 656 1924 κοινωνίας
683 1860 759 1936 μετὰ
787 1862 963 1939 προσφορᾶς
987 1872 1152 1944 negatum:

106 1963 171 2026 qua
191 1941 231 2006 de
252 1965 286 2006 re
305 1942 450 2006 videatur
466 1942 583 2007 Concil.
600 1943 715 2030 Ancyr.
731 1966 797 2006 can.
809 1965 840 2028 5.
857 1967 914 2006 nec
934 1966 996 2007 non
1015 1968 1089 2030 quae
1106 1943 1154 2006 di-

36 2082 39 2088 ,
106 2040 222 2092 cuntur
236 2027 269 2090 in
283 2030 350 2115 Ep.
368 2048 398 2095 a.
438 2030 477 2092 In
493 2028 574 2093 hanc
589 2043 725 2092 mentem
740 2028 863 2092 locutus
879 2029 1004 2092 videtur
1024 2031 1069 2093 D.
1086 2031 1156 2092 Au-

105 2126 188 2199 gust.
205 2136 297 2178 serm.
315 2133 388 2199 213.
405 2113 445 2177 de
460 2116 576 2200 Temp.
595 2115 773 2177 Oblationes
786 2135 856 2198 quae
869 2116 905 2175 ln
920 2115 1038 2179 altorio
1053 2137 1156 2179 coarc-

105 2209 240 2263 crantur
253 2202 361 2286 ‹fferte
369 2225 380 2272 ;
406 2201 582 2263 erubescere
597 2199 682 2262 debet
695 2199 938 2276 boscoldunens,
954 2202 983 2262 sl
998 2201 1035 2262 de
1050 2202 1156 2265 αῖῖιιια

105 2285 259 2348 oblatione
272 2286 491 2349 communicat.
518 2286 626 2348 Fam..
666 2283 910 2362 Eucharistiam,
924 2284 1053 2350 haecest
1068 2309 1157 2351 coena

107 2369 284 2444 Dominica,
308 2369 473 2456 significari
495 2369 555 2433 hoc
576 2369 645 2434 loco
666 2392 739 2434 cum
762 2369 852 2434 Fello
874 2371 1076 2435 statuendum
1099 2387 1154 2438 est.

107 2457 235 2518 Interea
252 2455 438 2541 particulam
453 2466 482 2519 et
500 2468 573 2520 aute
587 2457 791 2520 Domlnlcum
806 2456 926 2542 ejicere,
943 2480 1038 2543 quam
1056 2458 1154 2523 nesci-

106 2552 165 2603 unt
179 2540 252 2604 edd.
266 2541 411 2628 princeps
425 2557 457 2606 et
474 2541 670 2620 Erasmiana,
684 2541 777 2605 simul
796 2565 832 2606 ac
852 2543 958 2630 scripti
977 2543 1059 2621 libri,
1075 2569 1156 2631 quos

106 2626 260 2704 consului,
276 2627 485 2707 decreveram,
502 2628 556 2692 sed
576 2627 610 2691 in
631 2628 775 2714 exemplo
793 2629 967 2716 typothetae
987 2629 1103 2695 tradito
1121 2631 1155 2696 id

105 2712 208 2776 facere
223 2712 347 2799 neglexi
354 2739 365 2794 3
380 2737 475 2800 porro
488 2714 701 2801 interrogandi
716 2727 822 2778 notam
838 2715 940 2779 verbis
954 2715 1080 2803 affigere
1095 2730 1155 2782 sta-

106 2810 239 2877 tueram,
255 2799 329 2864 edd.
343 2800 463 2885 aliquot
478 2800 651 2865 Baluziana
665 2800 850 2865 vetustiores
864 2817 1000 2867 secutus

150 2886 188 2948 P.
203 2904 275 2970 293.
292 2885 313 2950 l.
329 2904 381 2968 27.
403 2886 532 2973 corban]
552 2889 605 2951 Ita
619 2887 770 2975 scriptum
786 2887 850 2951 vidi
864 2889 897 2951 in
912 2911 1024 2953 novem
1041 2889 1154 2954 codici-

105 2968 166 3034 bus
181 2971 411 3058 manuscriptis,
425 2973 518 3038 etiam
534 2973 567 3037 in
584 2973 795 3061 Seguieriano.
840 2973 908 3038 Alii
922 2974 1038 3040 habent
1051 2978 1156 3040 corbo-

104 3077 181 3119 nam
195 3056 246 3120 vel
259 3060 438 3123 corbanam.
480 3059 646 3138 Fuxensis,
662 3061 777 3125 cordua
791 3071 821 3126 et
835 3062 1012 3126 corbonam.
1051 3063 1091 3125 In
1105 3087 1156 3126 ca-

104 3141 170 3228 pite
197 3143 329 3229 septimo
355 3145 508 3232 evangelii
533 3146 706 3210 secundum
733 3148 893 3226 Marcum,
916 3161 947 3211 et
969 3147 1002 3210 in
1024 3147 1155 3234 epistola

104 3227 296 3317 Hieronymi
310 3229 350 3293 ad
363 3231 551 3295 Geruntiam
566 3231 607 3295 de
622 3233 846 3318 Monogamia:
865 3234 1003 3310 corban,
1013 3235 1095 3330 quod
1109 3245 1155 3298 eat

103 3314 231 3379 donum.
277 3317 368 3380 Bona
386 3340 514 3403 quoque
533 3330 637 3404 potest
655 3340 721 3381 esse
739 3316 830 3382 lectio
850 3318 963 3382 codicis
984 3319 1153 3397 Prthoeani,

103 3398 136 3463 in
174 3424 217 3465 uo
231 3401 382 3488 scriptum
397 3416 454 3480 est,
470 3427 542 3491 qrcae
556 3414 593 3469 ut
606 3404 683 3468 orda
693 3406 820 3468 omnino
830 3427 893 3467 non
904 3407 1044 3490 respicis
1070 3407 1153 3468 Nam

102 3423 200 3572 patilo
219 3500 292 3552 ante
311 3489 491 3574 Cyprianus
510 3489 591 3553 dixit
610 3488 718 3553 matris
739 3488 823 3553 illius
844 3490 952 3555 oculos
973 3491 1154 3576 superfusos

103 3594 169 3636 esse
188 3572 220 3636 ni
260 3573 321 3637 oris
341 3574 476 3639 tenebris
495 3590 527 3640 et
547 3590 639 3640 nocte
657 3588 823 3642 contectos.
861 3576 941 3640 Vide
956 3589 1046 3640 notas
1061 3580 1155 3642 Cote-

103 3655 211 3721 leriia
255 3658 371 3723 librum
395 3661 566 3725 secundum
591 3661 874 3727 Constittutionum
896 3662 1152 3750 Apostolicorum

103 3764 173 3828 cap.
188 3746 241 3827 36.
264 3759 297 3809 et
321 3747 475 3812 Samuelis
495 3749 642 3836 Basnagii
666 3749 900 3814 exercitationes
924 3748 957 3812 in
980 3750 1152 3814 Baronium

103 3848 178 3913 pag.
193 3846 268 3913 597.
301 3834 432 3899 BALuz.
488 3835 615 3899 Οονόαιι
637 3835 696 3900 hoc
719 3835 787 3898 loco
813 3834 897 3899 dona
921 3849 953 3899 et
981 3834 1153 3900 oblationes

103 3926 188 4012 sunt,
211 3937 285 4001 quae
309 3919 381 3983 Deo
402 3918 600 3999 dicabantur,
623 3935 660 3985 ut
682 3921 715 3984 in
739 3944 815 3985 usus
837 3944 1014 4009 pauperum
1036 3936 1068 3986 et
1089 3922 1151 3986 cle-

99 4019 237 4063 ncorum
253 4020 465 4088 erogarentur.

148 4084 232 4149 Ibid.
254 4085 277 4151 l.
294 4091 344 4154 28.
368 4091 401 4154 in
424 4091 644 4242 Dominicuml,
663 4093 704 4157 Id
726 4109 773 4159 est
794 4095 826 4157 in
849 4093 977 4157 domum
1000 4094 1151 4181 inquam

103 4169 274 4236 Christiani
288 4177 478 4242 conveniunt
497 4178 538 4242 ad
558 4177 622 4242 cele
645 4178 744 4244 randa
757 4179 913 4266 mysteria.
959 4182 1151 4246 Constitutio

104 4256 223 4321 Galerii
240 4259 409 4326 Maximini
423 4288 482 4352 pro
494 4263 679 4330 Christianis
693 4267 781 4352 apud
794 4265 950 4331 Rufinum
966 4265 985 4330 l.
1000 4269 1066 4332 IX.
1083 4292 1108 4333 c.
1120 4289 1148 4354 9.

621 4375 638 4417 ν
