2678 4830
180 348 245 414 262
559 350 590 413 S.
613 349 848 412 CYPRIANI

179 521 262 592 Dco
281 545 430 618 quaeras.
475 519 576 593 Deus
601 547 733 594 nomen
758 535 813 592 est
837 520 897 592 illi.
944 518 1024 591 lllic
1041 519 1234 593 vocabulis

181 661 271 735 opus
285 649 338 708 est
358 635 417 707 ubi
436 635 587 734 propriis
605 634 886 734 appellationum
907 634 1110 733 insignibus
1129 635 1234 708 mul-

182 749 301 824 titudo
319 749 520 823 dirimenda
537 764 602 822 est.
642 751 734 837 Dec,
753 750 816 847 qui
836 749 931 823 solus
950 763 1016 840 est,
1034 749 1104 822 Dei
1123 776 1234 823 voca-

183 869 310 941 bulum
337 880 454 940 totum
474 863 572 966 (for.
591 868 724 964 solum)
743 881 807 939 est.
860 866 959 964 Ergo
984 893 1075 939 unus
1101 879 1171 955 est,
1194 878 1234 939 et

184 986 318 1083 ubique
340 985 417 1082 ipse
441 982 589 1056 dillirsus
612 998 675 1056 est.
718 982 817 1056 Nam
836 998 873 1055 et
890 984 1017 1081 vulgus
1040 982 1076 1055 in
1101 982 1260 1066 multiss

183 1101 307 1172 Deum
336 1099 545 1172 naturaliter
570 1101 773 1187 confitetur,
799 1125 882 1171 cum
912 1125 1013 1170 mens
1041 1110 1077 1170 et
1107 1098 1233 1171 anima

185 1216 239 1290 sui
258 1215 425 1289 Auctoris
443 1228 477 1287 et
496 1215 671 1314 Principis
690 1214 914 1288 admonetur.
955 1213 1041 1287 Dici
1063 1213 1233 1311 frequen-

184 1348 238 1406 ter
262 1331 441 1420 audimus,
471 1330 639 1419 ODeus,
662 1343 698 1403 et
721 1331 828 1405 Deus
852 1330 960 1419 videt,
978 1342 1014 1402 et
1032 1328 1117 1402 Deo
1134 1354 1226 1402 com-

183 1449 322 1536 mendo,
339 1462 375 1521 et
399 1447 505 1521 Deus
526 1449 593 1522 tibi
616 1448 758 1538 reddat,
781 1460 817 1520 et
841 1446 939 1546 quod
957 1444 1035 1519 vult
1056 1445 1177 1534 Deus,
1194 1457 1231 1518 et

183 1568 218 1640 si
234 1566 341 1639 Deus
358 1565 509 1638 dederit.
554 1566 675 1662 Atque
702 1564 779 1639 hoec
806 1588 948 1636 summa
974 1560 1107 1651 delicti,
1131 1562 1231 1636 nolle
1244 1593 1281 1633 ιο

185 1707 377 1782 agnoscere
395 1706 502 1777 quern
522 1680 685 1780 ignorare
703 1707 774 1754 non
791 1679 917 1780 possis.

235 1797 300 1871 VI.
327 1799 446 1880 Quor)
468 1822 553 1870 vero
571 1797 737 1870 Christus
761 1797 818 1885 sit,
834 1810 871 1870 et
894 1795 1076 1894 quomodo
1095 1821 1158 1894 per
1175 1795 1232 1894 ip-

187 1939 266 1987 sum
286 1913 390 1985 nobis
408 1912 503 1984 salus
522 1915 669 1997 venerit,
687 1913 738 1985 sic
755 1926 809 1986 est
827 1912 925 2001 ordo,
943 1912 994 1985 sic
1010 1910 1111 1984 ratio.
1161 1910 1189 1983 J
1192 1936 1232 1983 u·
1266 1900 1270 1905 ’

185 2029 271 2102 daeis
301 2029 461 2128 primum
492 2042 567 2102 erat
596 2027 692 2127 apud
721 2029 844 2103 Deum
875 2028 1000 2127 gratia.
1052 2026 1114 2099 Sic
1141 2026 1233 2100 olim

179 2146 270 2243 justi
298 2160 410 2232 erant,
438 2145 489 2219 sic
517 2144 671 2241 majores
698 2171 822 2218 eorum
849 2141 1279 2243 religionibusobedi-rs

186 2264 305 2337 ebant.
349 2263 442 2336 Inde
465 2263 535 2335 illis
553 2276 591 2336 et
612 2262 712 2361 regni
737 2261 940 2334 sublimitas
963 2260 1093 2348 floruit,
1111 2271 1148 2332 ct
1165 2284 1231 2357 ge-

186 2377 281 2451 neris
301 2377 513 2476 magnitudo
532 2377 705 2476 provenit.
748 2376 818 2448 Sed
837 2376 889 2449 illi
912 2374 1154 2476 [negligentes
1172 2374 1231 2469 et]

188 2490 287 2594 (for.
312 2493 452 2567 delend.
481 2492 567 2566 th.
594 2495 685 2589 aot.)
718 2491 978 2590 indisciplinati
1015 2503 1052 2564 et
1085 2489 1232 2587 superbi

186 2609 420 2707 postmodum
439 2609 537 2699 facti,
554 2623 591 2683 et
615 2608 748 2682 fiducia
765 2622 908 2708 patrum
928 2607 1052 2698 inflati,
1070 2606 1158 2680 dum
1176 2604 1234 2678 di-

185 2724 269 2800 vina
287 2739 465 2825 praecepta
483 2738 733 2814 contemnunt,
750 2724 871 2798 datam
891 2726 958 2798 sibi
977 2725 1127 2824 gratiam
1150 2737 1284 2823 per-20

186 2839 366 2913 diderunt.
394 2843 515 2924 Quam
534 2869 618 2915 vero
635 2842 743 2915 fuerit
759 2842 828 2915 illis
846 2842 1033 2941 prophana
1048 2841 1133 2929 vita,
1151 2867 1234 2939 quae

187 2967 370 3027 contracta
393 2955 440 3028 sit
461 2956 604 3030 violatae
626 2957 808 3057 religionis
834 2958 979 3046 offensa,
996 2957 1064 3057 ipsi
1088 2983 1236 3054 quoque

187 3083 376 3162 testantur,
403 3072 466 3169 qui
496 3073 562 3146 etsi
595 3101 682 3147 voce
713 3087 845 3163 tacent,
873 3075 971 3147 exitu
1004 3077 1236 3147 confitentur.

186 3187 351 3287 Dispersi
369 3201 406 3262 et
422 3189 619 3288 palabundi
637 3203 823 3289 vagantur,
840 3190 905 3263 soli
924 3204 961 3263 et
978 3191 1060 3264 coeli
1080 3189 1133 3263 sui
1152 3216 1237 3289 pro-

187 3305 263 3404 fugi
290 3332 354 3405 per
380 3306 538 3406 hospitia
564 3307 678 3382 aliena
700 3307 892 3403 jactantur.
944 3307 1099 3381 Necnon
1129 3308 1234 3380 Deus
1248 3335 1283 3395 25

188 3435 273 3495 ante
298 3422 511 3521 praedixerat
534 3424 609 3496 fore
632 3437 673 3496 ut
694 3437 863 3523 vergente
889 3424 1022 3496 saeculo
1044 3436 1080 3496 et
1107 3421 1236 3495 mundi

189 3538 262 3609 fine
279 3537 357 3632 jam
382 3539 549 3636 proximo
572 3567 617 3612 ex
640 3540 740 3612 omni
763 3554 871 3640 gente
888 3554 925 3613 et
945 3541 1083 3639 populo
1100 3552 1136 3611 et
1152 3538 1236 3611 loco

189 3651 344 3724 cultores
375 3653 443 3724 sibi
475 3653 644 3752 allegeret
674 3654 775 3729 Deus
806 3657 921 3729 multo
952 3655 1109 3728 melioris
1132 3655 1237 3727 obse-

190 3766 265 3865 quii
293 3780 329 3839 et
356 3767 439 3840 fidei
466 3767 631 3860 fortioris,
658 3770 721 3868 qui
745 3771 1005 3870 indulgentiam
1033 3772 1078 3844 de
1103 3769 1235 3843 divinis

190 3883 400 3957 muneribus
431 3883 625 3975 haurirent,
651 3914 759 3986 quam
789 3901 970 3986 acceptam
997 3887 1119 3962 Judaei
1149 3914 1287 3975 con-30

190 3999 313 4073 temtis
330 3998 563 4098 religionibus
581 4003 827 4101 perdidissent.
882 4004 1006 4099 Hujus
1025 4005 1137 4105 igitur
1156 4030 1237 4102 gra-

190 4116 251 4190 tiae
264 4116 298 4190 di
304 4115 536 4216 sciplinaequc
550 4120 679 4192 arbiter
693 4133 729 4192 et
743 4120 913 4219 magister
926 4120 1053 4192 Sermo
1067 4135 1102 4193 et
1120 4120 1236 4193 Filius

190 4234 264 4306 Dei
281 4235 448 4326 mittitur,
466 4235 525 4333 qui
551 4262 614 4335 per
635 4236 828 4335 prophetas
846 4263 972 4309 omnes
990 4250 1084 4310 retro
1101 4236 1236 4311 illumi-
