2678 4830
634 560 680 616 IN

393 734 441 834 S.
467 733 917 841 'HIPPOLYTI

196 908 411 1044 courrm
437 886 662 1045 unarum
688 975 1112 1050 Anuommouns.

506 1202 801 1246 *—

172 1377 269 1442 HOC
294 1374 416 1462 insigne
438 1377 688 1457 ἆποσποσμάτιου
713 1401 752 1442 ex
780 1380 896 1446 Latina
921 1381 1078 1446 Francisci
1100 1383 1180 1447 Tor·

130 1461 226 1527 rensis
247 1461 312 1526 sive
335 1462 484 1526 Turriani
507 1464 646 1528 versione
672 1463 813 1550 vulgavit
840 1467 1025 1531 Gerlrardus
1052 1468 1179 1532 Vossius

131 1547 328 1646 Tungrensis
342 1547 383 1611 ad
398 1549 512 1615 calcem
528 1551 671 1636 Operum
686 1550 832 1638 Gregorii
844 1552 1090 1640 Thaumaturgi,
1105 1555 1179 1618 Mo-

129 1649 249 1720 guntrae
262 1637 309 1698 A.
324 1635 490 1700 MDCIV.
501 1655 534 1716 4.
558 1636 672 1700 Groeca
686 1659 770 1701 nunc
784 1638 921 1724 primum
937 1639 1064 1725 profero
1076 1638 1108 1703 in
1124 1638 1176 1702 lu·

129 1741 195 1783 cem
208 1718 361 1785 beneficio
375 1720 527 1806 eJ‘usdem,
543 1744 562 1785 a
576 1743 641 1806 quo
656 1723 845 1809 superiorem
866 1727 1017 1803 ἀπόδειξιν
1033 1725 1116 1807 (haec
1130 1739 1178 1789 est

131 1806 164 1870 S.
179 1804 352 1892 Hippolyti
372 1805 575 1885 Ἀποδεικτικὴ
590 1807 662 1888 πρὸς
680 1806 849 1888 Ἰουδαίους,
865 1811 1103 1874 Demonstratio
1117 1812 1177 1874 ud-

129 1911 240 1955 versus
254 1891 412 1974 masos)
428 1891 543 1978 accepi,
559 1891 617 1954 viri
632 1893 806 1958 eruditione
825 1918 861 1958 ac
883 1894 1001 1959 meritis
1020 1895 1053 1958 in
1072 1894 1178 1959 literas

128 1990 160 2040 et
173 1976 288 2062 insigni
299 1977 417 2041 virtute
431 1977 599 2041 venerandi
611 1977 696 2041 dom.
709 1980 896 2044 Brsartsnnr
912 2002 960 2046 nu
978 1983 1176 2044 Mourisa-

129 2083 206 2140 cort,
221 2061 279 2148 qui
292 2061 346 2126 illa
360 2085 398 2126 ex
413 2062 522 2127 codice
537 2063 687 2128 Vaticano
700 2064 858 2152 descripta
870 2066 912 2130 ad
927 2089 977 2130 me
992 2065 1085 2130 misit.
1111 2067 1177 2130 No·

128 2147 166 2211 tis
190 2147 352 2225 Turrieni,
380 2170 458 2233 quas
482 2171 595 2212 nomen
618 2149 686 2235 ejus
708 2150 893 2237 distinguet,
918 2174 1002 2215 meas
1027 2151 1175 2237 adspersi.

128 2233 260 2297 Titulus
273 2246 340 2297 erat
353 2232 386 2297 in
399 2233 550 2297 Turriani
564 2234 639 2298 edit.
655 2236 803 2300 Humilia
819 2238 857 2300 de
870 2238 941 2300 Deo
955 2239 1041 2300 trino
1055 2246 1085 2300 et
1098 2258 1175 2313 uno,

126 2328 155 2383 et
168 2321 207 2383 de
220 2321 371 2404 mysterio
381 2320 622 2384 Iucarnutionis
635 2331 745 2384 contra
760 2322 895 2386 ltaeresio
910 2323 1017 2385 Nosti.
1042 2323 1081 2384 In
1099 2322 1172 2384 MS.

127 2405 279 2470 Vaticano
302 2405 396 2469 etiam
420 2402 545 2484 Ὁμιλίο
569 2405 748 2470 Ἱππολύτου
771 2410 812 2473 εἰς
836 2407 890 2484 τὴν
916 2408 1031 2487 αἵρεσιν
1055 2405 1173 2485 Νοήσου

126 2493 215 2558 πυός.
261 2489 324 2554 Sed
341 2512 415 2554 cum
437 2490 571 2555 Photius
590 2504 722 2555 testetur
734 2514 815 2577 opus
835 2490 1005 2587 Hippolyti
1024 2491 1174 2555 adversus

125 2575 258 2640 haereses
273 2575 306 2639 in
320 2574 554 2662 oppugnatione
576 2576 728 2640 haereseos
743 2575 837 2640 Noeti
852 2576 988 2654 desiisse,
1003 2590 1099 2674 atque
1112 2575 1173 2640 ini-

126 2661 205 2725 tium
226 2661 324 2748 hujus
341 2661 447 2748 scripti
465 2661 627 2726 manifeste
641 2661 754 2748 prodat
768 2660 828 2726 alia
842 2661 1036 2748 processisse,
1051 2684 1082 2726 m
1098 2662 1171 2747 qui·

125 2747 186 2811 bus
209 2747 250 2811 de
272 2746 340 2812 aliis
361 2747 572 2834 dogmatibus,
594 2747 727 2812 aliorum
752 2762 787 2812 ut
808 2748 934 2812 videtur
955 2747 1172 2812 haereticorum

126 2832 283 2911 disseruit,
299 2856 399 2919 eaque
413 2856 455 2920 op
479 2833 620 2920 ugnavit,
635 2834 736 2898 habeo
756 2833 834 2898 illud
852 2857 911 2921 pro
930 2847 1071 2899 extreme
1084 2847 1173 2920 parte

126 2917 197 2982 libri
218 2918 288 3005 Hip
331 2918 407 3005 lytei
425 2942 445 2982 a
468 2943 576 2983 versus
592 2920 734 2998 haereses,
751 2920 815 2984 sive
828 2923 979 2984 memoria
993 2921 1172 2998 ltaeresium,

127 3017 163 3068 ut
187 3007 219 3068 S.
237 2941 382 3068 Geli-sius
403 3003 551 3091 appellat,
570 3005 715 3092 quaedam
738 3028 778 3071 ex
800 3006 858 3070 hoc
881 3009 1097 3091 ἀποσπομοτίῳ
1119 3028 1171 3069 re·

126 3089 228 3154 ferens
249 3089 290 3153 e'd
311 3089 456 3166 verbum,
479 3105 513 3154 ut
534 3090 574 3154 ad
597 3106 693 3177 caput
710 3093 759 3155 18.
776 3091 934 3154 annotavi.
980 3092 1093 3175 Neque
1114 3089 1170 3153 ob-

127 3188 187 3239 stat
201 3177 288 3262 quod
303 3174 409 3238 fideles
423 3175 614 3272 quandoque
629 3190 738 3240 auctor
757 3176 940 3323 allopuitur,
960 3188 995 3238 ut
1015 3173 1048 3236 in
1070 3173 1170 3237 homi-

125 3259 173 3324 liis
186 3260 254 3324 fieri
268 3260 357 3336 solet,
374 3284 444 3324 nam
461 3261 520 3324 hoc
534 3276 627 3325 ettam
641 3261 674 3324 in
689 3261 810 3347 scriptis
837 3283 925 3324 acere
941 3272 1069 3346 veteres,
1086 3272 1117 3322 et
1131 3257 1172 3321 ad

125 3345 255 3410 lectores
284 3346 446 3432 respicere,
476 3347 670 3411 tralatitium.
708 3349 731 3409 J
733 3369 765 3408 0.
791 3349 943 3409 Annuus.
971 3345 1171 3407 Feaarctus.

126 3431 284 3495 Attulerat
304 3431 353 3494 vir
373 3431 568 3496 doctissimus
589 3431 622 3494 in
641 3431 702 3496 vol.
721 3432 824 3518 priore
842 3433 980 3518 Operum
995 3431 1030 3494 S.
1045 3430 1095 3492 Hi
1116 3451 1172 3515 po-

125 3518 185 3603 lpse·
201 3517 383 3604 Hamburgi
398 3539 481 3581 anno
498 3520 591 3599 1716.
608 3517 691 3604 typis
710 3541 837 3594 excuso,
852 3540 884 3603 p.
899 3534 971 3599 225.
990 3538 1029 3578 ex
1046 3453 1172 3579 Gelasio

126 3603 271 3689 episcopo
286 3605 433 3667 Romano
446 3604 497 3666 De
512 3604 649 3667 matos
663 3605 806 3667 Naturis
819 3605 855 3665 irs
872 3602 1010 3677 Christo,
1025 3600 1171 3686 quaedam

125 3711 197 3752 cum
216 3688 388 3785 Hippolyti
408 3688 468 3752 illis
485 3688 569 3752 infra
582 3712 650 3774 cap.
670 3690 716 3751 18.
731 3689 796 3751 fere
813 3686 1038 3762 convenientia,
1054 3685 1119 3761 sed,
1136 3699 1173 3749 ut

126 3773 170 3837 ibi
180 3774 313 3850 ostendi,
326 3798 365 3838 ex
376 3774 438 3838 alio
449 3774 620 3860 Hippolyti
630 3773 710 3838 libro
722 3773 896 3859 desumpta.
921 3774 1040 3836 Verum
1053 3773 1085 3834 S.
1094 3770 1173 3856 Epi-

126 3859 261 3945 phanius
275 3860 439 3923 Aduersus
454 3861 613 3937 Haereses,
629 3858 660 3922 in
678 3860 802 3922 Haeresi
816 3858 878 3921 lvii.
898 3857 984 3921 haud
1004 3878 1104 3942 pauca
1121 3879 1172 3918 eo-

126 3967 208 4022 rum,
224 3967 298 4031 qum
312 3944 363 4008 hic
379 3960 567 4031 sequuntur,
583 3944 671 4008 nullo
685 3959 813 4008 auctore
827 3943 987 4006 nominato
1001 3964 1057 4004 sua
1071 3939 1156 4002 fecit.

169 4031 209 4092 P.
225 4045 278 4113 45.
302 4028 323 4092 l.
340 4050 369 4111 9.
393 4030 427 4094 τὸ
449 4032 505 4109 μὲν
527 4029 615 4110 γένος
636 4030 673 4109 ἦν
696 4031 872 4112 Σμυρναῖος]
898 4027 981 4092 Olim
1004 4024 1109 4088 notavi
1130 4023 1172 4087 ad

126 4115 305 4201 Reliquiar.
320 4116 416 4179 Sacr.
437 4114 500 4177 vol.
520 4116 572 4179 11.
596 4114 650 4179 ubi
672 4114 808 4201 primum
831 4113 891 4177 hoc
912 4125 1007 4198 caput
1028 4108 1171 4194 opusculi

51 4249 54 4258 .
127 4198 316 4286 Hippolytei
338 4222 438 4285 usque
459 4199 501 4263 ad
522 4223 630 4264 vocem
653 4204 801 4278 συστῆσαι
824 4221 896 4262 cum
921 4194 1014 4261 titulo
1037 4195 1172 4259 Consilii
