2678 4830
241 301 489 365 ANNOTAT.
511 300 562 362 IN
584 300 617 363 S.
634 299 771 362 CYPR.
788 299 853 361 DE
875 297 1093 384 MORTAL.
1138 299 1204 365 327

153 475 191 536 de
213 474 423 550 iilortalitata
449 470 555 534 multis
577 491 614 532 ac
632 491 713 556 pene
734 470 877 534 omnibus
899 471 954 556 qui
979 469 1202 533 ecclesiasticas

153 561 263 623 literas
277 568 396 635 ornant,
412 557 614 621 laudabiliter·
627 565 744 619 notum.
783 554 870 620 Citat
884 555 975 619 etiam
992 557 1057 640 Ep.
1075 571 1144 637 107.
1161 555 1202 620 ad

154 644 248 708 Vital.
271 669 327 708 nec
350 666 411 708 uon
435 643 489 707 lib.
506 645 554 705 II.
578 643 651 706 adv.
675 641 791 706 Julian.
815 654 898 705 cont.
922 661 948 704 2.
968 641 1070 728 Epist.
1091 642 1200 728 Pelag.

152 730 206 794 lib.
221 732 279 794 IV.
295 754 322 794 c.
336 731 366 792 8.
402 730 524 793 Pariter
542 729 651 792 iaudat
673 728 791 791 Euseb.
811 742 867 791 aut
886 727 992 790 saltem
1016 727 1149 791 Hieron.
1168 729 1200 791 in

153 818 271 880 Chron.
303 818 451 880 Euenus.
498 816 607 901 Hujus
627 813 698 877 libri
718 837 788 878 cum
805 813 899 877 iaude
915 814 1100 877 mentionem
1117 838 1200 900 saepe

151 902 226 966 facit
249 916 374 966 sanctus
394 901 606 987 Augustinus
629 900 660 963 in
683 900 790 999 primis
805 923 879 963 vero
898 900 931 962 in
949 900 1029 962 libro
1053 899 1093 963 de
1113 903 1200 964 Prae·

151 988 357 1051 destinatione
374 990 560 1051 Sanctorum
576 1010 603 1050 c.
621 1007 668 1066 14.
684 987 829 1073 inquiens
843 986 931 1049 iilum
946 985 1053 1049 multis
1068 1010 1104 1050 ac
1120 1010 1200 1073 pene

151 1075 297 1138 omnibus
308 1074 364 1160 qui
379 1073 596 1138 ecclesiasticas
610 1073 728 1136 litteras
743 1089 849 1136 amant
864 1072 1063 1135 laudabiliter
1078 1089 1198 1137 notum.

152 1161 244 1223 Idem
259 1160 290 1223 iu
307 1160 438 1247 epistola
451 1159 492 1223 ad
508 1159 643 1223 Vitalem
657 1159 701 1223 ait
716 1159 868 1245 Cypriani
888 1159 921 1221 in
941 1158 1001 1222 boc
1019 1158 1086 1222 loco
1101 1174 1199 1223 totam

150 1246 353 1311 intentionem
380 1269 445 1310 esse
470 1260 507 1309 ut
532 1246 664 1309 sciamus
688 1245 779 1309 bonis
804 1245 950 1308 fidelibus
974 1245 1199 1330 gratulandum

150 1355 216 1396 esse
231 1333 445 1409 morientibus
461 1331 590 1418 quando
604 1331 678 1396 vitae
694 1331 918 1396 tentationibus
932 1332 1131 1409 auferuntur,
1146 1332 1201 1395 de-

150 1417 255 1505 inceps
269 1419 301 1480 in
317 1419 492 1482 beatissima
506 1417 670 1482 securitate
683 1418 830 1481 mansuri.
875 1416 1030 1503 Ejusdem
1050 1417 1122 1482 libri
1136 1440 1201 1482 me-

151 1505 241 1568 minit
256 1505 414 1569 Eusebius
427 1504 458 1567 in
476 1504 650 1569 Chronico:
669 1506 824 1569 Pestiietza
839 1506 976 1583 inuritis,
991 1504 1105 1590 inquit,
1121 1507 1200 1569 mul-

151 1598 200 1654 tas
223 1594 319 1655 totius
340 1592 424 1655 orbis
440 1593 629 1677 prouincias
650 1593 824 1678 occupavit,
848 1593 1043 1677 meritaeque
1060 1592 1200 1654 Alcaeo-

150 1677 256 1739 driam
276 1686 306 1740 et
321 1679 515 1764 AEgyptum
536 1687 573 1742 ut
591 1679 701 1742 scribit
719 1678 909 1763 Dionysius,
928 1687 958 1741 et
979 1679 1140 1764 Cypriani
1162 1678 1200 1742 da

150 1763 351 1827 Mortalitute
366 1765 453 1827 testis
468 1772 514 1827 est
527 1763 614 1827 liber.
653 1763 721 1827 Ubi
741 1763 814 1826 vide
836 1777 925 1827 notas
946 1763 1080 1849 Josepbi
1103 1761 1199 1827 Scali-

148 1848 226 1934 geri.
281 1849 402 1913 Eadem
427 1849 523 1913 babet
544 1849 638 1914 etiam
662 1850 838 1914 Jornandes
861 1849 893 1913 in
920 1849 1000 1914 libro
1024 1849 1064 1913 de
1088 1849 1199 1913 Rebus

150 1935 280 2013 Geticis,
307 1936 362 2000 ubi
387 1935 494 2000 scribit
515 1935 596 2000 banc
621 1935 742 2000 cladem
765 1934 1005 2023 lacrymabiliter
1026 1936 1199 2022 expositam

148 2043 168 2084 a
188 2022 352 2109 Dionysi0,
373 2045 468 2109 quum
488 2032 518 2086 et
536 2032 652 2100 noster,
670 2022 784 2108 inquit,
802 2025 990 2108 conscripsit
1010 2024 1199 2087 venerabilis

149 2118 275 2194 martyr
298 2110 421 2173 Cirtsrt
443 2109 606 2195 episcopua
633 2109 820 2204 Cyprianus
845 2111 880 2170 ia
907 2109 987 2172 libro
1012 2111 1064 2172 cui
1085 2110 1199 2174 titulus

148 2204 194 2258 est
208 2197 246 2258 da
259 2195 468 2259 Mortuiitutc.
514 2195 597 2257 Eam
612 2193 820 2278 pestilentiam
839 2193 998 2257 Eusebius
1017 2193 1107 2278 ponit
1128 2207 1200 2280 post

149 2294 280 2343 mortem
307 2303 399 2366 papae
426 2279 574 2356 Cornelii,
600 2278 750 2343 Petavius
776 2276 831 2341 lib.
855 2279 965 2342 XIII.
992 2278 1032 2342 de
1057 2279 1200 2344 doctrina

150 2382 326 2452 temporum
349 2387 432 2429 anno
454 2365 623 2452 superiore.
668 2366 714 2428 Et
733 2378 836 2428 tamen
857 2364 1102 2452 Christopborus
1123 2368 1201 2430 San·

150 2450 222 2514 dius
241 2451 325 2515 hunc
340 2450 492 2537 Cypriani
512 2464 679 2515 tractatum
696 2451 821 2537 reponit
839 2451 921 2515 iuter
938 2475 991 2515 eos
1004 2451 1060 2537 qui
1080 2475 1199 2539 suppo·

151 2536 200 2599 siti
221 2552 293 2601 sunt
316 2551 423 2601 sancto
444 2537 585 2635 martyri.
629 2537 768 2685 Epregie
790 2559 864 2600 vero
883 2537 972 2600 illum
995 2538 1112 2602 refutat
1133 2538 1197 2603 cla-

149 2622 288 2687 rissimus
314 2623 502 2687 Pearsonius
525 2646 558 2686 m
581 2646 663 2687 anna
674 2623 745 2687 ibus
768 2623 975 2710 Cyprianicis.
1012 2623 1119 2688 Nimia
1139 2625 1198 2688 mi-

151 2709 229 2773 seria
244 2726 290 2773 est
304 2709 454 2774 audacem
475 2732 540 2772 esse
559 2709 717 2772 bominem
738 2708 840 2773 nimis.
869 2712 1053 2774 Banuzms.
1099 2712 1199 2776 Recte

150 2794 293 2859 additum
309 2819 374 2859 esse
388 2819 406 2859 a
421 2794 599 2859 doctissimo
619 2795 709 2859 Eello
728 2795 807 2859 illud
828 2796 868 2859 de
888 2795 1096 2883 Hieronym0‚
1111 2798 1200 2883 quod

149 2882 255 2968 posuit
274 2897 357 2946 notae
376 2906 441 2946 suae
461 2882 534 2963 fine,
551 2881 688 2947 ostendit
702 2882 811 2946 Versio
825 2883 1015 2946 Armeniaca
1028 2883 1200 2948 Eusebiaui

150 2968 309 3047 Chronici,
357 2992 406 3032 uae
434 2966 482 3032 bis
506 2968 634 3032 demum
661 2968 855 3055 temporibus
876 2969 994 3055 publici
1012 2969 1095 3056 juris
1117 2970 1201 3035 facta

150 3069 207 3131 est,
223 3055 278 3118 ubi
297 2993 418 3119 nuilum
438 3067 524 3118 extat
545 3055 711 3120 verborum
734 3055 775 3119 ab
798 3055 996 3144 Hieronymo
1018 3055 1200 3121 additorum

150 3140 326 3228 vestigium.
366 3141 446 3205 Vide
472 3141 545 3204 edit.
569 3143 623 3207 Jo.
646 3142 789 3230 Baptista
815 3142 957 3221 Aucber,
984 3142 1122 3206 Venetiis
1147 3165 1199 3207 an.

153 3227 246 3291 1818.
262 3228 323 3293 vol.
338 3228 386 3291 II.
403 3252 436 3313 p.
449 3246 521 3311 299.

193 3316 232 3378 P.
246 3318 319 3399 265.
336 3313 356 3376 l.
373 3333 423 3398 13.
447 3310 585 3376 veritatis
599 3313 716 3396 errore]
735 3313 845 3377 Habet
861 3312 993 3377 Tacitus
1001 3314 1091 3376 Hist.
1102 3312 1134 3376 ii.
1147 3328 1199 3396 72.

148 3422 256 3464 errore
272 3403 352 3478 vrri,
370 3399 401 3463 b.
414 3423 439 3463 e.
462 3398 639 3486 ignorantia
657 3398 702 3462 rei
722 3399 770 3462 vel
790 3398 876 3463 facti.
919 3401 1015 3463 Cous.
1032 3398 1200 3464 Forcellini

148 3487 297 3551 Leaicoa.
314 3490 386 3551 Lat.
403 3509 478 3550 voce
492 3488 611 3549 Error.

193 3575 231 3636 P.
248 3577 319 3638 266.
337 3574 358 3635 l.
374 3594 422 3636 11.
445 3586 599 3659 perpetua
619 3569 741 3655 laetitia]
756 3574 857 3635 Extat
873 3571 904 3634 in
920 3583 1010 3635 textu
1026 3571 1200 3636 Baluziano

147 3668 302 3742 perpetuu
323 3661 489 3738 securitas,
504 3658 559 3722 sed
578 3657 737 3721 invenitur
758 3658 850 3722 lectio
869 3657 976 3736 altera,
993 3682 1089 3744 quam
1108 3682 1197 3723 revo-

150 3743 227 3822 cavi,
242 3767 315 3829 quae
334 3759 365 3808 et
385 3743 467 3807 infra
485 3744 575 3809 nobis
590 3745 735 3825 occurrit,
751 3768 784 3832 p.
797 3748 868 3828 267.
887 3743 908 3807 l.
922 3767 953 3831 9.
970 3759 1036 3809 tum
1053 3746 1085 3809 in
1098 3746 1199 3809 omui·

150 3826 210 3891 bus
228 3828 315 3893 libris
334 3829 436 3907 editis,
453 3844 520 3894 tum
541 3831 572 3894 in
594 3831 725 3919 scriptis,
740 3854 820 3917 quos
836 3832 996 3895 consulere
1011 3832 1086 3895 mibi
1100 3832 1200 3911 licuit,

150 3912 229 3977 duos
251 3938 363 4002 nempe
385 3916 470 3980 Novi
492 3917 623 4004 Collegii
642 3918 775 3997 codices,
793 3931 824 3982 et
846 3917 926 3981 duos
946 3941 1041 3994 meos,
1062 3941 1199 4004 quorum

149 4022 232 4063 unus
247 4024 348 4089 nuper
364 4006 588 4067 Tewateranus
603 4004 674 4083 fuit,
687 4005 755 4092 ipso
770 4005 832 4067 fine
847 4002 951 4067 saeculi
966 4003 1079 4066 decimi
1095 4005 1199 4090 quarti

149 4087 294 4173 scriptus,
309 4089 386 4152 alter
401 4112 541 4152 meorum
556 4090 773 4154 membraneus
788 4106 820 4153 et
837 4089 995 4175 antiquior
1014 4104 1071 4153 est.
1117 4092 1199 4154 Mox

148 4187 220 4258 post
235 4197 341 4237 vocem
357 4197 479 4263 magau
494 4176 514 4238 l.
531 4195 580 4260 13.
597 4189 751 4261 punctum
766 4175 863 4238 deleri
878 4175 1059 4262 oportebat.

196 4259 282 4323 Ibid.
304 4260 327 4325 1.
347 4262 398 4325 18.
422 4261 557 4348 incipere
570 4263 713 4346 regnare]
734 4261 844 4326 Codex
861 4263 1051 4328 sorbonicus
1070 4265 1106 4327 in
1124 4285 1201 4350 per-

645 4368 706 4427 Υ4
