2678 4830
502 331 567 395 DE
590 330 854 396 ORATIONE.
1142 321 1207 396 113

157 504 298 576 Israelis
324 502 526 603 disciplina,
551 530 597 576 ne
623 504 744 575 minus
771 516 825 576 ter
847 502 905 576 die
930 504 1056 576 saltem
1081 504 1204 578 adore-

157 646 249 710 mus,
275 620 453 694 debitores
480 621 607 710 Patris,
634 632 671 693 et
699 620 795 710 Filii,
822 633 859 693 et
887 620 1041 719 Spiritus
1068 621 1204 695 Sancti.

155 737 329 836 Exceptis
354 737 477 835 utique
502 736 672 834 legitimis
690 736 923 826 orationibus,
940 763 1021 834 quae
1037 736 1112 810 sine
1130 738 1205 812 ulla

156 854 401 926 admonitione
418 852 595 925 debentur
611 853 774 951 ingressu
791 853 881 926 lucis
899 865 935 928 et
951 853 1077 927 noctis.
1129 854 1203 939 Sed

128 981 191 1054 set
214 969 337 1042 cibum
361 997 434 1043 non
459 970 557 1069 prius
582 996 734 1058 sumere,
752 983 788 1043 et
811 971 991 1043 lavacrum
1011 997 1085 1042 non
1101 971 1202 1070 prius

155 1085 261 1175 adire,
280 1113 391 1182 quam
413 1086 622 1185 interposita
640 1086 811 1175 oratioue,
828 1085 951 1159 fideles
969 1085 1083 1160 decet.
1125 1087 1202 1160 Pri-

154 1227 215 1275 ora
231 1204 329 1276 enim
349 1202 516 1276 habenda
533 1215 617 1276 sunt
634 1203 779 1302 spiritus
801 1203 982 1301 refrigeria
1000 1216 1037 1275 et
1057 1203 1202 1302 pabula,

154 1345 263 1415 quam
282 1319 410 1408 carnis,
427 1332 463 1392 et
480 1318 597 1419 priora
615 1319 785 1408 coelestia,
802 1344 911 1416 quam
931 1330 1080 1393 terrena.

203 1437 366 1510 Fratrem
390 1436 541 1510 domum
564 1447 664 1508 tuam
690 1436 946 1534 introgressum
965 1462 1011 1507 ne
1029 1436 1106 1509 sine
1123 1462 1200 1509 ora·
1244 1473 1327 1523 οη,

1233 1539 1334 1588 xxvi.

109 1552 251 1625 ratione
268 1551 456 1626 dimiseris.
499 1551 642 1641 Vidisti,
659 1551 788 1647 inquit,
804 1550 962 1640 fratrem,
979 1551 1099 1624 vidisti
1119 1551 1245 1653 1)ο-Ῑ)θ
1266 1625 1310 1647 ι

154 1669 293 1743 minum
319 1683 447 1743 tuum:
474 1668 634 1742 maxime
657 1667 831 1741 advenam
853 1671 865 1753 t
867 1665 951 1767 jor.
963 1667 1135 1764 adverte),
1151 1671 1322 1741 uetiam·

153 1788 300 1885 angelus
317 1786 409 1859 forte
427 1785 474 1858 sit
492 1786 605 1877 (Heb.
620 1783 695 1858 xiii.
709 1789 770 1879 2.).
822 1783 894 1857 Sed
911 1811 980 1858 nec
997 1784 1074 1884 ipse
1092 1811 1112 1856 a
1129 1784 1200 1858 fra·

152 1901 267 1974 tribus
290 1901 443 1975 exemtis
473 1898 575 2002 (for.
591 1901 778 1999 exceptus)
806 1900 924 1998 priora
948 1900 1072 1973 fecerit
1100 1897 1198 2000 (far.

151 2015 291 2112 feceris)
310 2017 492 2116 refrigeria
512 2029 651 2091 terrena
673 2016 902 2090 coelestibusl
945 2013 1077 2087 Statim
1099 2015 1198 2089 enim

109 2132 369 2227 15judicabitur
398 2131 498 2235 (for.
518 2133 748 2230 indicabitur)
778 2131 867 2204 fides
892 2145 966 2205 tua.
1008 2132 1085 2204 Aut
1111 2157 1201 2229 quo-

152 2248 261 2321 modo
288 2248 486 2322 secundum
512 2260 732 2348 praeceptum
756 2247 861 2340 (Luc.
878 2274 913 2320 x.
930 2252 992 2343 5.),
1010 2273 1088 2344 pau
1113 2247 1199 2321 laic

153 2363 274 2439 domm
298 2364 408 2454 dices,
432 2365 499 2439 nisi
526 2378 563 2438 et
588 2365 649 2456 eis,
671 2364 732 2462 qui
758 2364 796 2437 in
820 2363 930 2438 domo
954 2375 1050 2453 sunt,
1068 2390 1196 2462 pacem

151 2494 314 2554 mutuam
334 2482 485 2556 reddas?

202 2598 459 2696 Diligentiores
478 2599 515 2670 in
533 2596 667 2671 orando
685 2597 956 2697 subjungerem
975 2596 1196 2670 orationibus
1241 2630 1326 2680 cap,

104 2744 142 2782 20
152 2713 294 2810 alleluja
318 2716 444 2800 solent,
462 2728 498 2787 et
516 2715 586 2787 hoc
603 2742 716 2813 genus
739 2714 907 2813 psalmos,
925 2740 1079 2810 quorum
1097 2713 1192 2786 clau·
1204 2696 1339 2825 Dffiss

151 2831 236 2903 sulis
254 2832 505 2930 respondeant,
523 2832 585 2928 qui
604 2830 709 2904 simul
734 2843 831 2905 sunt.
873 2830 925 2904 Et
941 2846 995 2903 est
1013 2831 1194 2930 optimum
1203 2809 1282 2942 {3:⁶⁶

150 2947 276 3044 utique
297 2947 503 3020 institutum
524 2973 643 3037 omne,
660 2947 756 3045 quod
774 2946 1009 3047 proponendo
1027 2960 1063 3020 et
1080 2947 1196 3025 hono·

150 3062 262 3134 rando
283 3063 365 3137 Deo
383 3063 569 3162 competit,
585 3076 780 3136 saturatam
802 3064 999 3136 orationem
1018 3065 1117 3136 velut
1134 3091 1198 3164 op-

150 3178 279 3251 timam
299 3179 451 3253 hostiam
468 3179 656 3253 admovere
672 3181 684 3271 (
686 3177 771 3280 for.
781 3179 941 3278 opimam
961 3178 1116 3253 hostiam
1136 3180 1198 3253 ad-

104 3328 119 3366 2
124 3303 325 3396 5movens).

200 3414 294 3487 Haec
311 3429 366 3488 est
382 3414 478 3489 enim
499 3414 616 3488 hostia
634 3413 812 3513 spiritalis,
826 3441 906 3510 quae
924 3413 1074 3512 pristina
1091 3413 1198 3488 sacri·
1242 3443 1325 3492 cae.

149 3529 231 3601 ficia
248 3530 392 3604 aeteva.
440 3531 522 3609 aa
540 3531 638 3621 marte,
654 3530 782 3627 inquit,
803 3530 935 3626 (asara
949 3531 970 3603 r.
987 3533 1059 3625 ιι.)
1074 3531 1198 3605 maru
1219 3509 1339 3558 mn*

150 3645 311 3719 tudinem
328 3645 629 3746 sacrfficiomm?
662 3645 804 3719 Plenas
817 3673 898 3720 sum
915 3647 1198 3721 holocaustorum

150 3771 227 3834 tum
256 3765 436 3848 arietum,·
468 3774 503 3837 et
532 3765 675 3861 adipem
702 3789 891 3863 agnorum,
919 3774 953 3836 et
981 3765 1198 3865 sauguinem

101 3886 340 3954 30taurorum
366 3890 402 3953 et
427 3880 610 3952 hircorum
633 3880 724 3953 aula.
767 3879 861 3956 Quis
887 3881 982 3954 euim
1006 3881 1198 3980 requisivit

148 3995 222 4068 ista
235 3997 279 4068 de
295 3997 463 4070 manibus
475 3998 642 4070 uestris.9
668 3998 761 4079 Quae
780 4023 865 4095 ergo
883 3998 1064 4093 quaesierit
1080 3998 1196 4086 Deus,

148 4112 374 4209 evangelium
398 4112 516 4186 docet.
555 4113 689 4186 Veniet
711 4113 813 4202 dora,
837 4114 965 4212 inquit,
987 4114 1062 4207 (do.
1076 4115 1120 4186 iv.
1136 4125 1196 4195 23,

151 4230 224 4320 24.)
255 4252 366 4324 quum
392 4229 471 4301 aeri
500 4227 712 4302 adoratores
741 4229 946 4303 adorabunt
974 4228 1128 4318 Patrem
1157 4229 1197 4303 iu

649 4365 659 4406 1
678 4363 696 4411 a
