<?xml version="1.0" encoding="UTF-8"?>
<!DOCTYPE html PUBLIC "-//W3C//DTD XHTML 1.0 Transitional//EN"
    "http://www.w3.org/TR/xhtml1/DTD/xhtml1-transitional.dtd">
<html xmlns="http://www.w3.org/1999/xhtml" xml:lang="en" lang="en">
 <head>
  <title>
</title>
<meta http-equiv="Content-Type" content="text/html;charset=utf-8" />
  <meta name='ocr-system' content='tesseract 3.04.00' />
  <meta name='ocr-capabilities' content='ocr_page ocr_carea ocr_par ocr_line ocrx_word'/>
</head>
<body>
  <div class='ocr_page' id='page_1' title='image "./scriptorumeccle00unkngoog_0169.png"; bbox 0 0 2678 4830; ppageno 0'>
   <div class='ocr_carea' id='block_1_1' title="bbox 70 324 762 396">
    <p class='ocr_par' dir='ltr' id='par_1_1' title="bbox 70 324 762 396">
     <span class='ocr_line' id='line_1_1' title="bbox 70 324 762 396; baseline -0.009 -2"><span class='ocrx_word' id='word_1_1' title='bbox 70 329 134 396; x_wconf 72' lang='lat'><strong>150</strong></span> <span class='ocrx_word' id='word_1_2' title='bbox 422 324 762 391; x_wconf 84' lang='lat' dir='ltr'><strong>TERTULLIANI</strong></span> 
     </span>
    </p>
   </div>
   <div class='ocr_carea' id='block_1_2' title="bbox 1 495 1176 4325">
    <p class='ocr_par' dir='ltr' id='par_1_2' title="bbox 70 495 1173 1993">
     <span class='ocr_line' id='line_1_2' title="bbox 70 495 1123 601; baseline 0 -26"><span class='ocrx_word' id='word_1_3' title='bbox 70 514 107 575; x_wconf 89' lang='lat' dir='ltr'><strong>et</strong></span> <span class='ocrx_word' id='word_1_4' title='bbox 129 499 237 601; x_wconf 90' lang='lat' dir='ltr'><strong>primi</strong></span> <span class='ocrx_word' id='word_1_5' title='bbox 263 511 367 572; x_wconf 87' lang='lat' dir='ltr'><strong>etex</strong></span> <span class='ocrx_word' id='word_1_6' title='bbox 391 496 500 597; x_wconf 85' lang='lat' dir='ltr'><strong>ipsis;</strong></span> <span class='ocrx_word' id='word_1_7' title='bbox 527 523 636 594; x_wconf 90' lang='lat' dir='ltr'><strong>quam</strong></span> <span class='ocrx_word' id='word_1_8' title='bbox 663 497 743 571; x_wconf 87' lang='lat' dir='ltr'><strong>illos</strong></span> <span class='ocrx_word' id='word_1_9' title='bbox 769 524 841 571; x_wconf 90' lang='lat' dir='ltr'><strong>non</strong></span> <span class='ocrx_word' id='word_1_10' title='bbox 865 495 1045 590; x_wconf 79' lang='lat' dir='ltr'><strong>intulisse,</strong></span> <span class='ocrx_word' id='word_1_11' title='bbox 1059 499 1123 598; x_wconf 91' lang='lat' dir='ltr'><strong>qui</strong></span> 
     </span>
     <span class='ocr_line' id='line_1_3' title="bbox 71 611 1123 715; baseline -0.002 -25"><span class='ocrx_word' id='word_1_12' title='bbox 71 629 156 691; x_wconf 87' lang='lat' dir='ltr'><strong>sunt</strong></span> <span class='ocrx_word' id='word_1_13' title='bbox 172 629 209 688; x_wconf 90' lang='lat' dir='ltr'><strong>et</strong></span> <span class='ocrx_word' id='word_1_14' title='bbox 231 613 363 715; x_wconf 83' lang='lat' dir='ltr'><strong>posteri</strong></span> <span class='ocrx_word' id='word_1_15' title='bbox 381 626 418 687; x_wconf 93' lang='lat' dir='ltr'><strong>et</strong></span> <span class='ocrx_word' id='word_1_16' title='bbox 438 611 586 686; x_wconf 90' lang='lat' dir='ltr'><strong>adversi.</strong></span> <span class='ocrx_word' id='word_1_17' title='bbox 636 613 742 687; x_wconf 83' lang='lat' dir='ltr'><strong>Alius</strong></span> <span class='ocrx_word' id='word_1_18' title='bbox 767 640 878 687; x_wconf 88' lang='lat' dir='ltr'><strong>manu</strong></span> <span class='ocrx_word' id='word_1_19' title='bbox 901 613 1123 714; x_wconf 56' lang='lat' dir='ltr'><strong>scripturam</strong></span> 
     </span>
     <span class='ocr_line' id='line_1_4' title="bbox 71 729 1121 830; baseline -0.002 -22"><span class='ocrx_word' id='word_1_20' title='bbox 71 733 174 822; x_wconf 90' lang='lat' dir='ltr'><strong>alius,</strong></span> <span class='ocrx_word' id='word_1_21' title='bbox 198 758 323 805; x_wconf 84' lang='lat' dir='ltr'><strong>sensus</strong></span> <span class='ocrx_word' id='word_1_22' title='bbox 348 729 572 830; x_wconf 81' lang='lat' dir='ltr'>expositione</span> <span class='ocrx_word' id='word_1_23' title='bbox 598 730 807 804; x_wconf 79' lang='lat' dir='ltr'><strong>intervertit.</strong></span> <span class='ocrx_word' id='word_1_24' title='bbox 859 730 993 829; x_wconf 87' lang='lat' dir='ltr'>Neque</span> <span class='ocrx_word' id='word_1_25' title='bbox 1017 732 1121 806; x_wconf 90' lang='lat' dir='ltr'><strong>enim</strong></span> 
     </span>
     <span class='ocr_line' id='line_1_5' title="bbox 71 846 1123 946; baseline -0.004 -22"><span class='ocrx_word' id='word_1_26' title='bbox 71 850 101 924; x_wconf 86' lang='lat' dir='ltr'><strong>si</strong></span> <span class='ocrx_word' id='word_1_27' title='bbox 120 848 335 924; x_wconf 75' lang='lat' dir='ltr'><strong>Valentinus</strong></span> <span class='ocrx_word' id='word_1_28' title='bbox 362 847 501 946; x_wconf 85' lang='lat' dir='ltr'><strong>integro</strong></span> <span class='ocrx_word' id='word_1_29' title='bbox 527 847 768 921; x_wconf 87' lang='lat' dir='ltr'><strong>instrumento</strong></span> <span class='ocrx_word' id='word_1_30' title='bbox 794 846 848 922; x_wconf 92' lang='lat' dir='ltr'><strong>uti</strong></span> <span class='ocrx_word' id='word_1_31' title='bbox 870 847 1022 933; x_wconf 91' lang='lat' dir='ltr'><strong>videtur,</strong></span> <span class='ocrx_word' id='word_1_32' title='bbox 1047 873 1123 921; x_wconf 89' lang='lat' dir='ltr'><strong>non</strong></span> 
     </span>
     <span class='ocr_line' id='line_1_6' title="bbox 72 963 1150 1063; baseline -0.005 -20"><span class='ocrx_word' id='word_1_33' title='bbox 72 966 254 1044; x_wconf 76' lang='lat' dir='ltr'><strong>callidiore</strong></span> <span class='ocrx_word' id='word_1_34' title='bbox 271 963 429 1063; x_wconf 87' lang='lat' dir='ltr'><strong>ingenio,</strong></span> <span class='ocrx_word' id='word_1_35' title='bbox 446 989 556 1061; x_wconf 90' lang='lat' dir='ltr'><strong>quam</strong></span> <span class='ocrx_word' id='word_1_36' title='bbox 575 963 755 1055; x_wconf 86' lang='lat' dir='ltr'><strong>Marcion,</strong></span> <span class='ocrx_word' id='word_1_37' title='bbox 772 990 902 1038; x_wconf 89' lang='lat' dir='ltr'><strong>manus</strong></span> <span class='ocrx_word' id='word_1_38' title='bbox 919 963 1046 1037; x_wconf 89' lang='lat' dir='ltr'><strong>intulit</strong></span> <span class='ocrx_word' id='word_1_39' title='bbox 1061 991 1150 1055; x_wconf 84' lang='lat' dir='ltr'><strong>ve·5</strong></span> 
     </span>
     <span class='ocr_line' id='line_1_7' title="bbox 71 1079 1124 1180; baseline -0.001 -24"><span class='ocrx_word' id='word_1_40' title='bbox 71 1083 179 1157; x_wconf 78' lang='lat' dir='ltr'><strong>rituti.</strong></span> <span class='ocrx_word' id='word_1_41' title='bbox 209 1081 374 1155; x_wconf 85' lang='lat' dir='ltr'><strong>Marcion</strong></span> <span class='ocrx_word' id='word_1_42' title='bbox 393 1092 513 1152; x_wconf 85' lang='lat' dir='ltr'><strong>exerte</strong></span> <span class='ocrx_word' id='word_1_43' title='bbox 531 1093 568 1153; x_wconf 90' lang='lat' dir='ltr'><strong>et</strong></span> <span class='ocrx_word' id='word_1_44' title='bbox 584 1081 705 1180; x_wconf 91' lang='lat' dir='ltr'><strong>palam</strong></span> <span class='ocrx_word' id='word_1_45' title='bbox 724 1079 915 1170; x_wconf 80' lang='lat' dir='ltr'><strong>machaera,</strong></span> <span class='ocrx_word' id='word_1_46' title='bbox 935 1106 1008 1153; x_wconf 93' lang='lat' dir='ltr'><strong>non</strong></span> <span class='ocrx_word' id='word_1_47' title='bbox 1024 1080 1124 1180; x_wconf 91' lang='lat' dir='ltr'><strong>stylo</strong></span> 
     </span>
     <span class='ocr_line' id='line_1_8' title="bbox 71 1194 1123 1296; baseline -0.004 -24"><span class='ocrx_word' id='word_1_48' title='bbox 71 1225 157 1273; x_wconf 91' lang='lat' dir='ltr'><strong>usus</strong></span> <span class='ocrx_word' id='word_1_49' title='bbox 175 1210 245 1270; x_wconf 89' lang='lat' dir='ltr'><strong>est:</strong></span> <span class='ocrx_word' id='word_1_50' title='bbox 271 1195 441 1295; x_wconf 91' lang='lat' dir='ltr'><strong>quoniam</strong></span> <span class='ocrx_word' id='word_1_51' title='bbox 462 1194 507 1269; x_wconf 89' lang='lat' dir='ltr'><strong>ad</strong></span> <span class='ocrx_word' id='word_1_52' title='bbox 526 1195 712 1268; x_wconf 87' lang='lat' dir='ltr'><strong>materiam</strong></span> <span class='ocrx_word' id='word_1_53' title='bbox 732 1222 834 1269; x_wconf 89' lang='lat' dir='ltr'><strong>suam</strong></span> <span class='ocrx_word' id='word_1_54' title='bbox 852 1195 992 1271; x_wconf 89' lang='lat' dir='ltr'><strong>caedem</strong></span> <span class='ocrx_word' id='word_1_55' title='bbox 1009 1196 1123 1296; x_wconf 87' lang='lat' dir='ltr'><strong>scrip-</strong></span> 
     </span>
     <span class='ocr_line' id='line_1_9' title="bbox 73 1311 1124 1412; baseline -0.003 -23"><span class='ocrx_word' id='word_1_56' title='bbox 73 1328 235 1389; x_wconf 90' lang='lat' dir='ltr'><strong>turarum</strong></span> <span class='ocrx_word' id='word_1_57' title='bbox 253 1312 422 1387; x_wconf 82' lang='lat' dir='ltr'><strong>confecit.</strong></span> <span class='ocrx_word' id='word_1_58' title='bbox 463 1311 677 1385; x_wconf 84' lang='lat' dir='ltr'><strong>Valentinus</strong></span> <span class='ocrx_word' id='word_1_59' title='bbox 696 1325 818 1386; x_wconf 89' lang='lat' dir='ltr'><strong>autem</strong></span> <span class='ocrx_word' id='word_1_60' title='bbox 836 1311 1013 1412; x_wconf 84' lang='lat' dir='ltr'><strong>pepercit:</strong></span> <span class='ocrx_word' id='word_1_61' title='bbox 1031 1338 1124 1410; x_wconf 89' lang='lat' dir='ltr'><strong>quo·</strong></span> 
     </span>
     <span class='ocr_line' id='line_1_10' title="bbox 73 1427 1123 1528; baseline -0.003 -24"><span class='ocrx_word' id='word_1_62' title='bbox 73 1430 171 1505; x_wconf 87' lang='lat' dir='ltr'><strong>niam</strong></span> <span class='ocrx_word' id='word_1_63' title='bbox 197 1456 270 1503; x_wconf 94' lang='lat' dir='ltr'><strong>non</strong></span> <span class='ocrx_word' id='word_1_64' title='bbox 294 1428 339 1502; x_wconf 95' lang='lat' dir='ltr'><strong>ad</strong></span> <span class='ocrx_word' id='word_1_65' title='bbox 360 1427 547 1502; x_wconf 83' lang='lat' dir='ltr'><strong>materiam</strong></span> <span class='ocrx_word' id='word_1_66' title='bbox 566 1428 772 1528; x_wconf 89' lang='lat' dir='ltr'><strong>scripturas,</strong></span> <span class='ocrx_word' id='word_1_67' title='bbox 790 1428 852 1502; x_wconf 89' lang='lat' dir='ltr'><strong>sed</strong></span> <span class='ocrx_word' id='word_1_68' title='bbox 871 1427 1057 1502; x_wconf 86' lang='lat' dir='ltr'><strong>materiam</strong></span> <span class='ocrx_word' id='word_1_69' title='bbox 1077 1427 1123 1502; x_wconf 92' lang='lat' dir='ltr'><strong>ad</strong></span> 
     </span>
     <span class='ocr_line' id='line_1_11' title="bbox 74 1544 1173 1646; baseline -0.001 -25"><span class='ocrx_word' id='word_1_70' title='bbox 74 1548 265 1646; x_wconf 90' lang='lat' dir='ltr'><strong>scripturas</strong></span> <span class='ocrx_word' id='word_1_71' title='bbox 295 1544 537 1644; x_wconf 84' lang='lat' dir='ltr'><strong>excogitavit3</strong></span> <span class='ocrx_word' id='word_1_72' title='bbox 574 1558 611 1618; x_wconf 90' lang='lat' dir='ltr'><strong>et</strong></span> <span class='ocrx_word' id='word_1_73' title='bbox 640 1557 766 1619; x_wconf 90' lang='lat' dir='ltr'><strong>tamen</strong></span> <span class='ocrx_word' id='word_1_74' title='bbox 795 1545 877 1645; x_wconf 92' lang='lat' dir='ltr'><strong>plus</strong></span> <span class='ocrx_word' id='word_1_75' title='bbox 906 1544 1056 1619; x_wconf 91' lang='lat' dir='ltr'><strong>abstulit</strong></span> <span class='ocrx_word' id='word_1_76' title='bbox 1085 1557 1173 1620; x_wconf 85' lang='lat' dir='ltr'><strong>etro</strong></span> 
     </span>
     <span class='ocr_line' id='line_1_12' title="bbox 73 1659 1124 1762; baseline 0 -28"><span class='ocrx_word' id='word_1_77' title='bbox 73 1662 154 1762; x_wconf 87' lang='lat' dir='ltr'><strong>plus</strong></span> <span class='ocrx_word' id='word_1_78' title='bbox 173 1659 314 1757; x_wconf 88' lang='lat' dir='ltr'><strong>adjecit,</strong></span> <span class='ocrx_word' id='word_1_79' title='bbox 332 1659 495 1734; x_wconf 90' lang='lat' dir='ltr'><strong>auferens</strong></span> <span class='ocrx_word' id='word_1_80' title='bbox 522 1661 757 1760; x_wconf 87' lang='lat' dir='ltr'><strong>proprietates</strong></span> <span class='ocrx_word' id='word_1_81' title='bbox 784 1661 1009 1760; x_wconf 86' lang='lat' dir='ltr'><strong>singulorum</strong></span> <span class='ocrx_word' id='word_1_82' title='bbox 1032 1687 1124 1759; x_wconf 93' lang='lat' dir='ltr'><strong>quo·</strong></span> 
     </span>
     <span class='ocr_line' id='line_1_13' title="bbox 74 1776 1125 1877; baseline 0 -26"><span class='ocrx_word' id='word_1_83' title='bbox 74 1803 145 1877; x_wconf 93' lang='lat' dir='ltr'><strong>que</strong></span> <span class='ocrx_word' id='word_1_84' title='bbox 166 1778 369 1863; x_wconf 91' lang='lat' dir='ltr'><strong>verborum,</strong></span> <span class='ocrx_word' id='word_1_85' title='bbox 387 1788 424 1849; x_wconf 93' lang='lat' dir='ltr'><strong>et</strong></span> <span class='ocrx_word' id='word_1_86' title='bbox 448 1776 619 1874; x_wconf 89' lang='lat' dir='ltr'><strong>adjiciens</strong></span> <span class='ocrx_word' id='word_1_87' title='bbox 645 1776 897 1877; x_wconf 89' lang='lat' dir='ltr'><strong>dispositiones</strong></span> <span class='ocrx_word' id='word_1_88' title='bbox 923 1805 996 1851; x_wconf 91' lang='lat' dir='ltr'><strong>non</strong></span> <span class='ocrx_word' id='word_1_89' title='bbox 1022 1804 1125 1852; x_wconf 89' lang='lat' dir='ltr'><strong>com·</strong></span> 
     </span>
     <span class='ocr_line' id='line_1_14' title="bbox 74 1893 431 1993; baseline 0 -27"><span class='ocrx_word' id='word_1_90' title='bbox 74 1893 278 1993; x_wconf 91' lang='lat' dir='ltr'><strong>parentium</strong></span> <span class='ocrx_word' id='word_1_91' title='bbox 297 1919 431 1966; x_wconf 91' lang='lat' dir='ltr'><strong>rerum.</strong></span> 
     </span>
    </p>

    <p class='ocr_par' dir='ltr' id='par_1_3' title="bbox 1 2009 1124 2136">
     <span class='ocr_line' id='line_1_15' title="bbox 1 2009 1124 2136; baseline 0 -52"><span class='ocrx_word' id='word_1_92' title='bbox 1 2022 45 2136; x_wconf 48' lang='lat' dir='ltr'><strong>‚Pk</strong></span> <span class='ocrx_word' id='word_1_93' title='bbox 127 2010 219 2084; x_wconf 82' lang='lat' dir='ltr'><strong>Haec</strong></span> <span class='ocrx_word' id='word_1_94' title='bbox 243 2023 327 2083; x_wconf 90' lang='lat' dir='ltr'><strong>sunt</strong></span> <span class='ocrx_word' id='word_1_95' title='bbox 351 2010 495 2109; x_wconf 86' lang='lat' dir='ltr'><strong>ingenia</strong></span> <span class='ocrx_word' id='word_1_96' title='bbox 518 2009 563 2083; x_wconf 91' lang='lat' dir='ltr'><strong>de</strong></span> <span class='ocrx_word' id='word_1_97' title='bbox 588 2011 807 2111; x_wconf 87' lang='lat' dir='ltr'><strong>spiritalibus</strong></span> <span class='ocrx_word' id='word_1_98' title='bbox 832 2011 1016 2110; x_wconf 76' lang='lat' dir='ltr'><strong>nequitiae,</strong></span> <span class='ocrx_word' id='word_1_99' title='bbox 1036 2037 1124 2084; x_wconf 90' lang='lat' dir='ltr'><strong>curn</strong></span> 
     </span>
    </p>

    <p class='ocr_par' dir='ltr' id='par_1_4' title="bbox 13 2120 1170 2231">
     <span class='ocr_line' id='line_1_16' title="bbox 13 2120 1170 2231; baseline -0.002 -32"><span class='ocrx_word' id='word_1_100' title='bbox 13 2120 53 2231; x_wconf 50' lang='grc' dir='ltr'><strong><em>ᾖ</em></strong></span> <span class='ocrx_word' id='word_1_101' title='bbox 76 2127 207 2225; x_wconf 90' lang='lat' dir='ltr'><strong>quibus</strong></span> <span class='ocrx_word' id='word_1_102' title='bbox 236 2127 385 2199; x_wconf 89' lang='lat' dir='ltr'><strong>luctatio</strong></span> <span class='ocrx_word' id='word_1_103' title='bbox 415 2142 471 2200; x_wconf 92' lang='lat' dir='ltr'><strong>est</strong></span> <span class='ocrx_word' id='word_1_104' title='bbox 496 2126 611 2217; x_wconf 93' lang='lat' dir='ltr'><strong>nobis,</strong></span> <span class='ocrx_word' id='word_1_105' title='bbox 638 2127 775 2219; x_wconf 86' lang='lat' dir='ltr'><strong>fratres,</strong></span> <span class='ocrx_word' id='word_1_106' title='bbox 801 2127 930 2201; x_wconf 88' lang='lat' dir='ltr'><strong>merito</strong></span> <span class='ocrx_word' id='word_1_107' title='bbox 960 2140 1170 2213; x_wconf 82' lang='lat' dir='ltr'><strong>contem-15</strong></span> 
     </span>
    </p>

    <p class='ocr_par' dir='ltr' id='par_1_5' title="bbox 4 2234 1176 4325">
     <span class='ocr_line' id='line_1_17' title="bbox 4 2234 1125 2344; baseline -0.001 -27"><span class='ocrx_word' id='word_1_108' title='bbox 4 2234 38 2267; x_wconf 83' lang='lat'><strong>¹¹&#39;</strong></span> <span class='ocrx_word' id='word_1_109' title='bbox 74 2242 226 2344; x_wconf 84' lang='lat' dir='ltr'><strong>planda3</strong></span> <span class='ocrx_word' id='word_1_110' title='bbox 253 2241 336 2315; x_wconf 85' lang='lat' dir='ltr'><strong>fidei</strong></span> <span class='ocrx_word' id='word_1_111' title='bbox 355 2243 566 2333; x_wconf 90' lang='lat' dir='ltr'><strong>necessaria,</strong></span> <span class='ocrx_word' id='word_1_112' title='bbox 585 2256 627 2315; x_wconf 93' lang='lat' dir='ltr'><strong>ut</strong></span> <span class='ocrx_word' id='word_1_113' title='bbox 650 2243 754 2317; x_wconf 88' lang='lat' dir='ltr'><strong>electi</strong></span> <span class='ocrx_word' id='word_1_114' title='bbox 780 2244 1066 2334; x_wconf 88' lang='lat' dir='ltr'><strong>manifestentur,</strong></span> <span class='ocrx_word' id='word_1_115' title='bbox 1083 2256 1125 2317; x_wconf 89' lang='lat' dir='ltr'><strong>ut</strong></span> 
     </span>
     <span class='ocr_line' id='line_1_18' title="bbox 74 2358 1125 2460; baseline -0.001 -26"><span class='ocrx_word' id='word_1_116' title='bbox 74 2360 215 2460; x_wconf 92' lang='lat' dir='ltr'><strong>reprobi</strong></span> <span class='ocrx_word' id='word_1_117' title='bbox 233 2358 457 2457; x_wconf 86' lang='lat' dir='ltr'><strong>detegantur.</strong></span> <span class='ocrx_word' id='word_1_118' title='bbox 508 2359 559 2433; x_wconf 82' lang='lat' dir='ltr'><strong>Et</strong></span> <span class='ocrx_word' id='word_1_119' title='bbox 582 2358 663 2432; x_wconf 91' lang='lat' dir='ltr'><strong>ideo</strong></span> <span class='ocrx_word' id='word_1_120' title='bbox 689 2360 825 2434; x_wconf 88' lang='lat' dir='ltr'><strong>habent</strong></span> <span class='ocrx_word' id='word_1_121' title='bbox 842 2361 929 2451; x_wconf 93' lang='lat' dir='ltr'><strong>vim,</strong></span> <span class='ocrx_word' id='word_1_122' title='bbox 947 2375 983 2434; x_wconf 92' lang='lat' dir='ltr'><strong>et</strong></span> <span class='ocrx_word' id='word_1_123' title='bbox 1006 2360 1042 2433; x_wconf 91' lang='lat' dir='ltr'><strong>in</strong></span> <span class='ocrx_word' id='word_1_124' title='bbox 1062 2385 1125 2433; x_wconf 89' lang='lat' dir='ltr'><strong>ex-</strong></span> 
     </span>
     <span class='ocr_line' id='line_1_19' title="bbox 75 2475 1124 2577; baseline -0.003 -25"><span class='ocrx_word' id='word_1_125' title='bbox 75 2477 276 2577; x_wconf 85' lang='lat' dir='ltr'><strong>cogitandis</strong></span> <span class='ocrx_word' id='word_1_126' title='bbox 300 2475 590 2575; x_wconf 87' lang='lat' dir='ltr'><strong>instruendisque</strong></span> <span class='ocrx_word' id='word_1_127' title='bbox 612 2478 789 2550; x_wconf 90' lang='lat' dir='ltr'><strong>erroribus</strong></span> <span class='ocrx_word' id='word_1_128' title='bbox 812 2477 1022 2551; x_wconf 85' lang='lat' dir='ltr'><strong>felicitatem</strong></span> <span class='ocrx_word' id='word_1_129' title='bbox 1048 2503 1124 2550; x_wconf 92' lang='lat' dir='ltr'><strong>non</strong></span> 
     </span>
     <span class='ocr_line' id='line_1_20' title="bbox 77 2593 1125 2694; baseline -0.001 -27"><span class='ocrx_word' id='word_1_130' title='bbox 77 2594 166 2668; x_wconf 91' lang='lat' dir='ltr'><strong>adeo</strong></span> <span class='ocrx_word' id='word_1_131' title='bbox 183 2594 396 2680; x_wconf 88' lang='lat' dir='ltr'><strong>mirandam,</strong></span> <span class='ocrx_word' id='word_1_132' title='bbox 414 2594 516 2692; x_wconf 91' lang='lat' dir='ltr'><strong>quasi</strong></span> <span class='ocrx_word' id='word_1_133' title='bbox 534 2593 730 2682; x_wconf 89' lang='lat' dir='ltr'><strong>difficilem,</strong></span> <span class='ocrx_word' id='word_1_134' title='bbox 748 2607 785 2666; x_wconf 94' lang='lat' dir='ltr'><strong>et</strong></span> <span class='ocrx_word' id='word_1_135' title='bbox 808 2594 1125 2694; x_wconf 67' lang='lat' dir='ltr'><strong>inexplicabilem</strong></span> 
     </span>
     <span class='ocr_line' id='line_1_21' title="bbox 76 2709 1173 2811; baseline -0.001 -27"><span class='ocrx_word' id='word_1_136' title='bbox 76 2737 159 2784; x_wconf 89' lang='lat' dir='ltr'><strong>cum</strong></span> <span class='ocrx_word' id='word_1_137' title='bbox 189 2710 234 2783; x_wconf 92' lang='lat' dir='ltr'><strong>de</strong></span> <span class='ocrx_word' id='word_1_138' title='bbox 264 2710 493 2784; x_wconf 80' lang='lat' dir='ltr'><strong>saecularibus</strong></span> <span class='ocrx_word' id='word_1_139' title='bbox 523 2737 667 2808; x_wconf 91' lang='lat' dir='ltr'><strong>quoque</strong></span> <span class='ocrx_word' id='word_1_140' title='bbox 698 2709 882 2811; x_wconf 89' lang='lat' dir='ltr'><strong>scripturis</strong></span> <span class='ocrx_word' id='word_1_141' title='bbox 912 2711 1124 2810; x_wconf 88' lang='lat' dir='ltr'><strong>exemplum</strong></span> <span class='ocrx_word' id='word_1_142' title='bbox 1136 2737 1173 2777; x_wconf 85' lang='lat'><strong>20</strong></span> 
     </span>
     <span class='ocr_line' id='line_1_22' title="bbox 76 2823 1126 2926; baseline 0.001 -29"><span class='ocrx_word' id='word_1_143' title='bbox 76 2838 206 2925; x_wconf 89' lang='lat' dir='ltr'><strong>praesto</strong></span> <span class='ocrx_word' id='word_1_144' title='bbox 234 2826 280 2899; x_wconf 95' lang='lat' dir='ltr'><strong>sit</strong></span> <span class='ocrx_word' id='word_1_145' title='bbox 305 2826 482 2923; x_wconf 89' lang='lat' dir='ltr'><strong>ejusmodi</strong></span> <span class='ocrx_word' id='word_1_146' title='bbox 506 2825 707 2912; x_wconf 89' lang='lat' dir='ltr'><strong>facilitatis;</strong></span> <span class='ocrx_word' id='word_1_147' title='bbox 744 2854 816 2926; x_wconf 92' lang='lat' dir='ltr'><strong>quo</strong></span> <span class='ocrx_word' id='word_1_148' title='bbox 840 2827 903 2923; x_wconf 90' lang='lat' dir='ltr'><strong>jus</strong></span> <span class='ocrx_word' id='word_1_149' title='bbox 933 2823 1032 2926; x_wconf 84' lang='lat' dir='ltr'><strong>(for.</strong></span> <span class='ocrx_word' id='word_1_150' title='bbox 1051 2852 1126 2923; x_wconf 91' lang='lat' dir='ltr'><strong>quo</strong></span> 
     </span>
     <span class='ocr_line' id='line_1_23' title="bbox 77 2940 1126 3042; baseline 0 -28"><span class='ocrx_word' id='word_1_151' title='bbox 77 2940 187 3015; x_wconf 79' lang='lat' dir='ltr'><strong>vides</strong></span> <span class='ocrx_word' id='word_1_152' title='bbox 212 2941 314 3016; x_wconf 80' lang='lat' dir='ltr'><strong>Cous.</strong></span> <span class='ocrx_word' id='word_1_153' title='bbox 328 2944 467 3036; x_wconf 84' lang='lat' dir='ltr'><strong>notum)</strong></span> <span class='ocrx_word' id='word_1_154' title='bbox 483 2941 590 3015; x_wconf 91' lang='lat' dir='ltr'><strong>hodie</strong></span> <span class='ocrx_word' id='word_1_155' title='bbox 608 2968 654 3015; x_wconf 88' lang='lat' dir='ltr'><strong>ex</strong></span> <span class='ocrx_word' id='word_1_156' title='bbox 667 2944 820 3042; x_wconf 84' lang='lat' dir='ltr'><strong>Virgilio</strong></span> <span class='ocrx_word' id='word_1_157' title='bbox 837 2943 997 3017; x_wconf 90' lang='lat' dir='ltr'><strong>fabulam</strong></span> <span class='ocrx_word' id='word_1_158' title='bbox 1015 2942 1051 3015; x_wconf 93' lang='lat' dir='ltr'><strong>in</strong></span> <span class='ocrx_word' id='word_1_159' title='bbox 1071 2954 1126 3015; x_wconf 85' lang='lat' dir='ltr'><strong>to·</strong></span> 
     </span>
     <span class='ocr_line' id='line_1_24' title="bbox 78 3057 1126 3158; baseline -0.003 -26"><span class='ocrx_word' id='word_1_160' title='bbox 78 3072 155 3132; x_wconf 94' lang='lat' dir='ltr'><strong>tum</strong></span> <span class='ocrx_word' id='word_1_161' title='bbox 182 3057 290 3131; x_wconf 90' lang='lat' dir='ltr'><strong>aliam</strong></span> <span class='ocrx_word' id='word_1_162' title='bbox 314 3057 496 3158; x_wconf 92' lang='lat' dir='ltr'><strong>componi,</strong></span> <span class='ocrx_word' id='word_1_163' title='bbox 514 3059 664 3131; x_wconf 90' lang='lat' dir='ltr'><strong>materia</strong></span> <span class='ocrx_word' id='word_1_164' title='bbox 682 3059 880 3133; x_wconf 90' lang='lat' dir='ltr'><strong>secundum</strong></span> <span class='ocrx_word' id='word_1_165' title='bbox 897 3085 1031 3146; x_wconf 89' lang='lat' dir='ltr'><strong>versus,</strong></span> <span class='ocrx_word' id='word_1_166' title='bbox 1047 3084 1126 3130; x_wconf 87' lang='lat' dir='ltr'><strong>ver-</strong></span> 
     </span>
     <span class='ocr_line' id='line_1_25' title="bbox 78 3175 1126 3274; baseline -0.002 -24"><span class='ocrx_word' id='word_1_167' title='bbox 78 3176 176 3251; x_wconf 87' lang='lat' dir='ltr'><strong>sibus</strong></span> <span class='ocrx_word' id='word_1_168' title='bbox 207 3176 406 3250; x_wconf 90' lang='lat' dir='ltr'><strong>secundum</strong></span> <span class='ocrx_word' id='word_1_169' title='bbox 439 3175 627 3249; x_wconf 88' lang='lat' dir='ltr'><strong>materiam</strong></span> <span class='ocrx_word' id='word_1_170' title='bbox 659 3177 895 3250; x_wconf 88' lang='lat' dir='ltr'><strong>concinnatis.</strong></span> <span class='ocrx_word' id='word_1_171' title='bbox 956 3175 1126 3274; x_wconf 91' lang='lat' dir='ltr'><strong>Denique</strong></span> 
     </span>
     <span class='ocr_line' id='line_1_26' title="bbox 79 3290 1172 3391; baseline -0.008 -24"><span class='ocrx_word' id='word_1_172' title='bbox 79 3292 256 3367; x_wconf 90' lang='lat' dir='ltr'><strong>Hosidius</strong></span> <span class='ocrx_word' id='word_1_173' title='bbox 276 3293 371 3366; x_wconf 90' lang='lat' dir='ltr'><strong>Geta</strong></span> <span class='ocrx_word' id='word_1_174' title='bbox 389 3290 559 3366; x_wconf 88' lang='lat' dir='ltr'><strong>Medeam</strong></span> <span class='ocrx_word' id='word_1_175' title='bbox 579 3292 793 3391; x_wconf 87' lang='lat' dir='ltr'><strong>tragoediam</strong></span> <span class='ocrx_word' id='word_1_176' title='bbox 813 3319 858 3365; x_wconf 88' lang='lat' dir='ltr'><strong>ex</strong></span> <span class='ocrx_word' id='word_1_177' title='bbox 876 3290 1029 3390; x_wconf 86' lang='lat' dir='ltr'><strong>Virgilio</strong></span> <span class='ocrx_word' id='word_1_178' title='bbox 1049 3291 1172 3390; x_wconf 81' lang='lat' dir='ltr'><strong>ple-25</strong></span> 
     </span>
     <span class='ocr_line' id='line_1_27' title="bbox 79 3409 1127 3510; baseline -0.004 -27"><span class='ocrx_word' id='word_1_179' title='bbox 79 3409 226 3483; x_wconf 90' lang='lat' dir='ltr'><strong>nissime</strong></span> <span class='ocrx_word' id='word_1_180' title='bbox 243 3410 398 3483; x_wconf 87' lang='lat' dir='ltr'><strong>exsuxit.</strong></span> <span class='ocrx_word' id='word_1_181' title='bbox 450 3409 559 3484; x_wconf 91' lang='lat' dir='ltr'><strong>Meus</strong></span> <span class='ocrx_word' id='word_1_182' title='bbox 576 3409 724 3507; x_wconf 93' lang='lat' dir='ltr'><strong>quidam</strong></span> <span class='ocrx_word' id='word_1_183' title='bbox 750 3409 974 3510; x_wconf 92' lang='lat' dir='ltr'><strong>propinquus</strong></span> <span class='ocrx_word' id='word_1_184' title='bbox 997 3433 1044 3480; x_wconf 89' lang='lat' dir='ltr'><strong>ex</strong></span> <span class='ocrx_word' id='word_1_185' title='bbox 1066 3434 1127 3479; x_wconf 91' lang='lat' dir='ltr'><strong>eo·</strong></span> 
     </span>
     <span class='ocr_line' id='line_1_28' title="bbox 80 3523 1127 3624; baseline 0.001 -26"><span class='ocrx_word' id='word_1_186' title='bbox 80 3524 162 3598; x_wconf 90' lang='lat' dir='ltr'><strong>dem</strong></span> <span class='ocrx_word' id='word_1_187' title='bbox 181 3538 289 3624; x_wconf 75' lang='lat' dir='ltr'><strong>poeta</strong></span> <span class='ocrx_word' id='word_1_188' title='bbox 307 3526 400 3599; x_wconf 89' lang='lat' dir='ltr'><strong>inter</strong></span> <span class='ocrx_word' id='word_1_189' title='bbox 417 3538 535 3599; x_wconf 90' lang='lat' dir='ltr'><strong>cetera</strong></span> <span class='ocrx_word' id='word_1_190' title='bbox 552 3525 636 3624; x_wconf 90' lang='lat' dir='ltr'><strong>styli</strong></span> <span class='ocrx_word' id='word_1_191' title='bbox 654 3525 709 3600; x_wconf 89' lang='lat' dir='ltr'><strong>sui</strong></span> <span class='ocrx_word' id='word_1_192' title='bbox 727 3526 801 3598; x_wconf 89' lang='lat' dir='ltr'><strong>otia</strong></span> <span class='ocrx_word' id='word_1_193' title='bbox 823 3526 993 3599; x_wconf 90' lang='lat' dir='ltr'><strong>Pinacem</strong></span> <span class='ocrx_word' id='word_1_194' title='bbox 1011 3523 1127 3599; x_wconf 82' lang='lat' dir='ltr'><strong>Cebe-</strong></span> 
     </span>
     <span class='ocr_line' id='line_1_29' title="bbox 80 3641 1128 3741; baseline -0.003 -27"><span class='ocrx_word' id='word_1_195' title='bbox 80 3641 127 3714; x_wconf 90' lang='lat' dir='ltr'><strong>tis</strong></span> <span class='ocrx_word' id='word_1_196' title='bbox 144 3641 329 3741; x_wconf 87' lang='lat' dir='ltr'><strong>explicuit.</strong></span> <span class='ocrx_word' id='word_1_197' title='bbox 357 3641 713 3715; x_wconf 86' lang='lat' dir='ltr'><strong>Homero-centonas</strong></span> <span class='ocrx_word' id='word_1_198' title='bbox 731 3642 841 3716; x_wconf 91' lang='lat' dir='ltr'><strong>etiam</strong></span> <span class='ocrx_word' id='word_1_199' title='bbox 857 3668 983 3716; x_wconf 90' lang='lat' dir='ltr'><strong>vocare</strong></span> <span class='ocrx_word' id='word_1_200' title='bbox 1000 3641 1128 3731; x_wconf 88' lang='lat' dir='ltr'><strong>solent,</strong></span> 
     </span>
     <span class='ocr_line' id='line_1_30' title="bbox 82 3756 1128 3859; baseline -0.001 -28"><span class='ocrx_word' id='word_1_201' title='bbox 82 3756 206 3856; x_wconf 90' lang='lat' dir='ltr'><strong>quide</strong></span> <span class='ocrx_word' id='word_1_202' title='bbox 223 3756 441 3832; x_wconf 87' lang='lat' dir='ltr'><strong>carminibus</strong></span> <span class='ocrx_word' id='word_1_203' title='bbox 460 3759 614 3832; x_wconf 91' lang='lat' dir='ltr'><strong>Homeri</strong></span> <span class='ocrx_word' id='word_1_204' title='bbox 632 3759 775 3859; x_wconf 90' lang='lat' dir='ltr'><strong>propria</strong></span> <span class='ocrx_word' id='word_1_205' title='bbox 793 3786 901 3859; x_wconf 91' lang='lat' dir='ltr'><strong>opera</strong></span> <span class='ocrx_word' id='word_1_206' title='bbox 923 3785 1023 3833; x_wconf 91' lang='lat' dir='ltr'><strong>more</strong></span> <span class='ocrx_word' id='word_1_207' title='bbox 1044 3784 1128 3832; x_wconf 92' lang='lat' dir='ltr'><strong>cen·</strong></span> 
     </span>
     <span class='ocr_line' id='line_1_31' title="bbox 82 3874 1176 3975; baseline -0.003 -25"><span class='ocrx_word' id='word_1_208' title='bbox 82 3875 222 3950; x_wconf 89' lang='lat' dir='ltr'><strong>tonario</strong></span> <span class='ocrx_word' id='word_1_209' title='bbox 249 3901 295 3948; x_wconf 90' lang='lat' dir='ltr'><strong>ex</strong></span> <span class='ocrx_word' id='word_1_210' title='bbox 324 3874 445 3949; x_wconf 89' lang='lat' dir='ltr'><strong>multis</strong></span> <span class='ocrx_word' id='word_1_211' title='bbox 473 3875 560 3949; x_wconf 89' lang='lat' dir='ltr'><strong>hinc</strong></span> <span class='ocrx_word' id='word_1_212' title='bbox 590 3874 673 3949; x_wconf 93' lang='lat' dir='ltr'><strong>inde</strong></span> <span class='ocrx_word' id='word_1_213' title='bbox 703 3875 911 3975; x_wconf 89' lang='lat' dir='ltr'><strong>compositis</strong></span> <span class='ocrx_word' id='word_1_214' title='bbox 942 3877 979 3948; x_wconf 92' lang='lat' dir='ltr'><strong>in</strong></span> <span class='ocrx_word' id='word_1_215' title='bbox 1010 3901 1176 3960; x_wconf 82' lang='lat' dir='ltr'><strong>unum30</strong></span> 
     </span>
     <span class='ocr_line' id='line_1_32' title="bbox 81 3991 1128 4092; baseline -0.004 -25"><span class='ocrx_word' id='word_1_216' title='bbox 81 3993 240 4068; x_wconf 86' lang='lat' dir='ltr'><strong>sarciunt</strong></span> <span class='ocrx_word' id='word_1_217' title='bbox 257 4019 398 4092; x_wconf 87' lang='lat' dir='ltr'><strong>corpus.</strong></span> <span class='ocrx_word' id='word_1_218' title='bbox 448 3993 499 4067; x_wconf 82' lang='lat' dir='ltr'><strong>Et</strong></span> <span class='ocrx_word' id='word_1_219' title='bbox 522 3991 646 4091; x_wconf 91' lang='lat' dir='ltr'><strong>utique</strong></span> <span class='ocrx_word' id='word_1_220' title='bbox 668 3991 872 4067; x_wconf 86' lang='lat' dir='ltr'><strong>foecundior</strong></span> <span class='ocrx_word' id='word_1_221' title='bbox 887 3991 1008 4066; x_wconf 92' lang='lat' dir='ltr'><strong>divina</strong></span> <span class='ocrx_word' id='word_1_222' title='bbox 1031 3991 1128 4064; x_wconf 87' lang='lat' dir='ltr'><strong>litte-</strong></span> 
     </span>
     <span class='ocr_line' id='line_1_33' title="bbox 80 4108 1129 4208; baseline -0.001 -26"><span class='ocrx_word' id='word_1_223' title='bbox 80 4123 199 4184; x_wconf 91' lang='lat' dir='ltr'><strong>ratura</strong></span> <span class='ocrx_word' id='word_1_224' title='bbox 216 4108 260 4183; x_wconf 88' lang='lat' dir='ltr'><strong>ad</strong></span> <span class='ocrx_word' id='word_1_225' title='bbox 277 4109 486 4183; x_wconf 86' lang='lat' dir='ltr'><strong>facultatem</strong></span> <span class='ocrx_word' id='word_1_226' title='bbox 506 4108 751 4208; x_wconf 91' lang='lat' dir='ltr'><strong>cujuscunque</strong></span> <span class='ocrx_word' id='word_1_227' title='bbox 770 4108 938 4182; x_wconf 73' lang='lat' dir='ltr'><strong>materiae.</strong></span> <span class='ocrx_word' id='word_1_228' title='bbox 967 4108 1049 4182; x_wconf 91' lang='lat' dir='ltr'><strong>Nec</strong></span> <span class='ocrx_word' id='word_1_229' title='bbox 1065 4133 1129 4206; x_wconf 92' lang='lat' dir='ltr'><strong>pe-</strong></span> 
     </span>
     <span class='ocr_line' id='line_1_34' title="bbox 80 4224 1128 4325; baseline 0.001 -29"><span class='ocrx_word' id='word_1_230' title='bbox 80 4226 215 4302; x_wconf 89' lang='lat' dir='ltr'><strong>riclitor</strong></span> <span class='ocrx_word' id='word_1_231' title='bbox 237 4225 366 4316; x_wconf 88' lang='lat' dir='ltr'><strong>dicere,</strong></span> <span class='ocrx_word' id='word_1_232' title='bbox 392 4224 487 4325; x_wconf 89' lang='lat' dir='ltr'><strong>ipsas</strong></span> <span class='ocrx_word' id='word_1_233' title='bbox 513 4252 656 4325; x_wconf 92' lang='lat' dir='ltr'><strong>quoque</strong></span> <span class='ocrx_word' id='word_1_234' title='bbox 682 4225 875 4325; x_wconf 90' lang='lat' dir='ltr'><strong>scripturas</strong></span> <span class='ocrx_word' id='word_1_235' title='bbox 901 4225 952 4300; x_wconf 88' lang='lat' dir='ltr'><strong>sic</strong></span> <span class='ocrx_word' id='word_1_236' title='bbox 979 4252 1056 4300; x_wconf 91' lang='lat' dir='ltr'><strong>esse</strong></span> <span class='ocrx_word' id='word_1_237' title='bbox 1082 4249 1128 4298; x_wconf 90' lang='lat' dir='ltr'><strong>ex</strong></span> 
     </span>
    </p>
   </div>
   <div class='ocr_carea' id='block_1_3' title="bbox 0 0 1357 4830">
    <p class='ocr_par' dir='ltr' id='par_1_6' title="bbox 0 0 1357 4830">
     <span class='ocr_line' id='line_1_35' title="bbox 0 0 1357 4830; baseline 0 0"><span class='ocrx_word' id='word_1_238' title='bbox 0 0 1357 4830; x_wconf 95' lang='lat' dir='ltr'><strong> </strong></span> 
     </span>
    </p>
   </div>
  </div>
 </body>
</html>
