2678 4830
341 326 405 389 DE
429 323 833 388 PRAESCRIPTIONE
855 323 985 386 HAER.
1125 324 1190 390 137

185 497 278 572 ¹Non
308 496 401 569 mihi
431 510 508 570 tam
538 498 630 569 bene
658 509 723 586 est,
748 495 864 568 immo
890 520 962 566 non
993 493 1086 566 mihi
1111 508 1188 568 tam
1213 513 1325 573 Acar..

139 615 235 690 male
260 628 326 699 est,
350 627 394 686 ut
418 613 598 713 apostolos
625 613 868 686 committam.
918 610 990 684 Sed
1015 612 1188 710 quoniam
1225 579 1324 636 xxw.

138 728 400 830 perversissimi
422 729 481 802 isti
506 729 615 802 illam·
631 727 948 828 reprehensionem
970 728 1013 800 ad
1037 729 1108 802 hoc
1125 730 1191 802 ob·

139 845 308 936 tendunt,
320 858 363 919 ut
377 859 582 945 suspectam
595 844 730 918 faciant
743 844 943 918 doctrinam
958 844 1191 945 superiorem,

113 961 367 1063 5resp0ndeb0
383 963 486 1060 quasi
505 989 571 1062 pro
589 963 715 1034 Petro:
734 961 855 1061 ipsum
873 963 1027 1035 Paulum
1044 961 1190 1054 dixisse,

140 1082 280 1157 factum
306 1106 343 1151 se
369 1106 447 1152 esse
474 1079 643 1151 omnibus
673 1078 807 1168 omnia,
836 1078 975 1152 Judaeis
1001 1080 1325 1170 Judaeum‚1cor.tx,

141 1222 215 1270 non
243 1193 382 1268 Judaeis
417 1221 491 1267 non
519 1193 703 1280 Judaeum,
732 1209 775 1269 ut
804 1223 930 1268 omnes
965 1195 1189 1270 lucrificaret.

141 1312 245 1388 Adeo
262 1337 329 1410 pro
345 1311 581 1410 temporibus,
595 1325 631 1385 et
647 1312 821 1411 personis,
834 1327 870 1385 et
888 1312 1002 1385 causis
1020 1312 1191 1411 quaedam

143 1426 467 1526 reprehendebant,
485 1426 521 1499 in
543 1453 624 1525 quae
650 1441 687 1499 et
712 1427 781 1526 ipsi
804 1455 906 1526 aeque
930 1455 996 1528 pro
1017 1427 1194 1526 tempori·

99 1545 211 1622 robus
237 1557 274 1617 et
299 1544 460 1642 personis
487 1557 524 1617 et
549 1545 665 1617 causis
692 1547 992 1619 committebant:
1018 1543 1194 1643 quemad-

145 1659 296 1735 modum
326 1659 355 1731 si
386 1673 422 1733 et
452 1660 578 1732 Petrus
604 1659 880 1759 reprehenderet
905 1662 1070 1751 Paulum,
1094 1658 1193 1758 quod

145 1775 401 1876 prohibens
366 1777 697 1868 circumcisionem,
729 1777 1034 1851 circumciderit
1025 1804 1105 1878 lpse
1132 1776 1195 1850 Ti-

146 1895 350 1968 motheum
381 1894 548 1968 Viderint
562 1921 624 2022 qur
615 1894 688 1967 de
706 1895 876 1993 apostolis
887 1893 1065 1992 judicant
1090 1895 1193 1967 Bene
1202 1920 1258 1969 Aes
1270 1919 1321 1998 xyi.

147 2009 245 2108 quod
263 2010 330 2082 Pet
315 2021 390 2082 trus
409 2010 522 2082 Paulo
539 2022 576 2084 et
598 2010 636 2082 in
654 2011 827 2110 martyrio
846 2010 1063 2109 adaequatur.
1122 1985 1257 2082 sedon
1201 2002 1302 2100 mm·
1271 2050 1321 2099 xvi

104 2127 214 2220 15etsi
236 2127 275 2199 in
298 2126 446 2199 tertium
471 2153 584 2225 usque
608 2129 745 2200 coelum
769 2140 912 2226 ereptus
936 2128 1080 2217 Paulus,
1098 2141 1135 2200 et
1154 2127 1282 2200 inzcor.
1293 2151 1336 2200 xo.

88 2341 90 2343 ι
148 2244 353 2347 paradisum
372 2244 512 2317 delatus
530 2243 643 2318 audiit
662 2244 828 2343 quaedam
847 2246 933 2336 illic,
951 2273 1023 2319 non
1042 2258 1196 2345 possunt

148 2361 260 2435 videri
283 2389 326 2435 ea
351 2362 471 2452 fuisse,
488 2389 571 2460 quae
596 2363 702 2435 illum
723 2363 761 2434 in
787 2362 894 2435 aliam
919 2362 1119 2437 doctrinam
1142 2362 1198 2434 in-

151 2478 378 2553 structiorem
402 2491 631 2578 praestarent3
658 2506 742 2552 cum
768 2479 818 2552 ita
834 2479 943 2552 fuerit
960 2478 1119 2552 conditio
1136 2506 1199 2551 eo-

151 2623 244 2685 rum,
264 2608 306 2668 ut
332 2595 421 2668 nulli
448 2595 640 2669 hominum
666 2595 911 2695 proderentur.
963 2595 1071 2679 Quod
1098 2596 1126 2667 si
1153 2595 1198 2668 ad

104 2712 303 2809 coalicujus
327 2713 584 2785 conscientiam
605 2714 765 2786 manavit
788 2712 909 2786 nescio
933 2712 1020 2811 quid
1046 2712 1146 2803 illud,
1163 2725 1200 2786 et

153 2831 222 2904 hoe
241 2857 278 2903 se
297 2831 415 2929 aliqua
433 2830 577 2903 haeresis
595 2831 697 2928 sequi
715 2831 890 2917 affirmat;
918 2844 980 2904 aut
997 2832 1128 2904 Paulus
1146 2857 1200 2903 se·
1277 2836 1278 2839 ’

154 2947 239 3021 creti
262 2946 395 3046 proditi
420 2974 500 3021 reus
524 2961 589 3038 est,
607 2962 670 3021 aut
690 2961 727 3021 et
749 2949 838 3021 alius
864 2962 988 3048 postea
1006 2948 1044 3021 in
1062 2947 1201 3047 paradi-

155 3091 236 3138 sum
262 3081 406 3162 ereptus
432 3064 541 3137 debet
561 3065 713 3157 ostendi,
732 3067 789 3139 cui
813 3066 1031 3165 permissum
1058 3065 1104 3137 sit
1129 3064 1203 3137 elo-

155 3181 229 3279 qui,
246 3209 326 3279 quae
344 3183 456 3255 Paulo
473 3183 605 3255 mutire
622 3211 694 3254 non
714 3182 827 3255 licuit.

110 3326 145 3388 ²5
205 3299 289 3389 Sed,
307 3313 348 3371 ut
364 3298 535 3387 diximus,
553 3297 678 3371 eadem
700 3297 882 3371 dementia
905 3310 970 3387 est,
989 3324 1073 3371 cum
1092 3300 1202 3370 confi·
1247 3325 1329 3374 cnr.

155 3428 277 3489 tentur
294 3414 440 3513 quidem
460 3414 550 3488 nihil
574 3416 752 3513 apostolos
770 3415 963 3513 ignorasse,
981 3441 1048 3486 nec
1065 3412 1203 3488 diversa
1246 3391 1330 3440 XXV·

157 3532 250 3606 inter
280 3559 318 3604 se
348 3529 581 3630 praedicasse3
619 3530 680 3604 sed
711 3558 784 3603 non
815 3529 942 3603 omnia
968 3531 1095 3603 volunt
1124 3531 1203 3604 illos

157 3649 326 3722 omnibus
349 3648 545 3721 revelasse:
572 3646 737 3745 quaedam
755 3647 854 3720 enim
872 3648 992 3746 palam
1011 3661 1048 3720 et
1065 3647 1206 3721 univer-

157 3766 226 3850 sis;
257 3763 423 3863 quaedam
451 3776 587 3836 secreto
612 3777 649 3836 et
676 3764 801 3862 paucis
827 3762 1086 3836 demandasse.
1121 3761 1206 3861 quia

107 3892 194 3972 30et
211 3881 282 3953 hoc
299 3881 409 3952 verbo
424 3906 510 3952 usus
529 3893 583 3951 est
600 3880 732 3952 Paulus
751 3878 795 3952 ad
812 3879 1070 3953 Fimotheum.
1093 3878 1206 3952 OTi-
1217 3897 1297 3946 rum
1298 3897 1338 3946 vi

157 3997 310 4084 motbee,
327 3997 528 4094 depositum
547 4006 626 4070 cust
611 3997 696 4071 todi
741 3996 791 4069 Et
809 4023 964 4070 rursum:
983 3997 1129 4070 Bonum
1146 3995 1207 4067 de·
1215 3963 1333 4014 'Tm

152 4115 310 4209 positum
329 4113 481 4188 custodi.
507 4111 615 4194 Quod
632 4112 703 4185 hoc
720 4111 924 4212 depositum
943 4125 997 4184 est
1013 4125 1087 4184 tam
1109 4107 1206 4210 (for.

159 4242 235 4301 tam
249 4230 406 4332 dolend.)
426 4229 611 4318 idoneum,
625 4242 665 4302 ut
684 4227 782 4302 alteri
802 4227 973 4302 doctrinae
991 4226 1208 4326 deputetur?
