2678 4830
224 317 268 383 36
353 316 598 381 ANNOTAT.
616 317 666 380 IN
688 318 873 382 FRAGM.
889 317 1137 383 EPISTOLAE

225 498 247 528 “
263 487 370 553 salutis
381 511 443 553 sem
485 513 501 552 r
515 488 673 568 sollicitus,
683 513 818 576 eumque
831 514 848 554 e
862 513 944 555 novo
957 490 1021 568 illo,
1037 490 1069 554 in
1083 491 1173 576 quod
1187 512 1264 578 prte-

226 585 248 616 “
264 598 337 661 ceps
347 599 379 639 se
393 575 415 640 d
455 591 521 641 erat
534 577 681 640 barathro
695 576 857 641 extrahere
871 576 999 641 studens
1013 577 1136 663 scripsit
1149 577 1263 642 librum

227 671 249 703 “
264 663 332 744 περὶ
344 661 516 745 Ὀγδοάδος,
532 663 569 727 de
586 663 745 751 Ogdoada,
760 663 807 727 vel
828 677 863 728 ut
885 664 980 728 habet
1001 663 1263 751 Hieronymusin

227 757 250 788 ‘⁴
266 747 429 836 Catalogo,
454 750 492 813 de
516 751 646 828 Octava,
674 750 764 836 cujus
792 748 962 814 clausulam
987 750 1143 815 duntaxat
1171 752 1265 816 refert

228 835 448 899 “Eusebius''
498 838 579 901 Haec
609 838 814 902 Missua-rus
849 839 880 900 S.
907 836 1019 901 Irenaei
1047 837 1161 917 editor,
1190 838 1264 902 Dis-

227 934 298 986 sert.
321 922 369 984 11.
392 921 495 985 Artic.
515 922 558 985 iii.
580 946 666 987 num.
680 925 735 1008 58.
758 923 955 987 Dodwellum
979 938 1104 989 secutus
1129 923 1162 988 in
1184 927 1265 990 Dte-

226 1017 302 1073 serl.
314 1008 371 1071 VI.
386 1010 422 1071 ia
436 1010 604 1073 Irenaeum.

272 1094 310 1158 P.
323 1113 374 1178 31.
391 1093 413 1157 l.
430 1114 478 1179 13.
502 1101 641 1177 λαμπρῶς
654 1095 820 1177 πράττοντα
835 1099 868 1160 ἐν
884 1100 919 1175 τῇ
934 1100 1077 1176 βασιλικῇ
1092 1097 1182 1183 αι’νλῇ]
1197 1097 1265 1161 Dif-

227 1179 308 1245 ficile
320 1180 459 1245 iudicatu
474 1204 585 1244 nomen
601 1195 646 1245 est
660 1181 863 1268 imperatoris,
878 1206 943 1268 quo
961 1197 1110 1268 regnante
1125 1183 1186 1247 hoc
1201 1184 1264 1248 fac·

228 1280 296 1331 tum
317 1267 366 1345 sit,
382 1290 437 1330 seu
457 1267 640 1332 Hadrianus
657 1267 763 1346 fuerit,
783 1268 839 1354 qui
858 1283 935 1332 teste
955 1267 1123 1355 Xiphilino
1140 1268 1172 1332 in
1188 1271 1266 1335 Dio-

227 1355 280 1417 ais
295 1354 442 1440 Epitome
461 1377 492 1441 p.
506 1357 579 1435 246.
603 1354 653 1418 ed.
675 1355 781 1442 Steph.
805 1354 927 1442 imperii
952 1355 999 1418 sui
1024 1355 1200 1441 provincias
1222 1371 1265 1421 at-

228 1463 291 1526 que
313 1441 407 1504 urbes
427 1440 606 1527 frequenter
627 1440 782 1517 inviseret,
800 1441 864 1504 sive
883 1441 921 1519 is,
937 1441 992 1527 qui
1015 1441 1181 1505 Hadriano
1201 1465 1266 1508 suc-

229 1526 329 1602 cessit,
354 1527 536 1591 Antoninus
561 1530 650 1604 Pius,
671 1541 709 1593 ut
731 1530 912 1591 Massuetus
934 1542 1042 1591 contra
1066 1528 1265 1593 Dodwellum

107 1653 112 1661 =
228 1613 362 1699 probare
383 1628 512 1676 conatus
532 1629 590 1692 est,
612 1613 742 1678 Dissert.
766 1637 821 1676 sua
842 1615 892 1677 II.
915 1614 1017 1678 Artic.
1032 1614 1053 1678 i.
1073 1637 1162 1678 num.
1185 1635 1215 1679 1.
1237 1635 1265 1680 2.

231 1701 315 1763 Cum
337 1722 411 1762 vero
432 1713 541 1762 notum
564 1700 614 1779 sit,
634 1701 716 1786 Imp.
739 1700 832 1763 Pium
854 1724 893 1764 ex
916 1700 1010 1764 Italia
1030 1724 1194 1786 nunquam
1216 1725 1267 1765 ex-

230 1784 312 1862 iisse,
336 1787 518 1849 Massuetus
538 1786 597 1849 hoc
620 1786 733 1850 Irenaei
757 1787 824 1850 loco
844 1786 877 1850 id
900 1801 1021 1851 tantum
1044 1787 1113 1851 vult
1134 1787 1266 1866 ostendi,

232 1871 394 1935 Florinum
410 1871 545 1935 aulicum
587 1873 742 1958 uempiam
760 1872 867 1950 fuisse,
882 1874 936 1960 qui
956 1896 1078 1937 summa
1098 1873 1186 1959 apud
1207 1874 1266 1938 im-

231 1974 405 2045 peratorem
416 1958 517 2045 gratia
530 1896 681 2032 valuerim
703 1959 945 2045 necquidquam
960 1959 1094 2046 amplius
1109 1975 1215 2024 censet
1230 1983 1267 2024 ex

230 2068 268 2108 eo
287 2045 506 2130 colligendum.
550 2044 651 2109 Haud
672 2046 831 2123 assentior,
846 2068 916 2110 cum
939 2046 1001 2109 aiat
1024 2047 1176 2125 Irenaeus,
1197 2071 1217 2110 a
1238 2069 1268 2110 se

231 2144 300 2213 tum
320 2131 467 2218 temporis
486 2132 573 2220 apud
587 2131 698 2196 Asiam
717 2147 829 2218 agente
847 2130 948 2195 visum
967 2155 1031 2195 esse
1051 2131 1217 2197 Florinum
1237 2133 1268 2196 in

230 2217 426 2304 imperatoris
439 2217 512 2283 aula
529 2217 689 2306 splendide
703 2219 869 2283 viventem.
903 2220 1002 2282 Porro
1017 2219 1089 2282 satis
1103 2219 1184 2283 bene
1198 2241 1269 2283 con-

229 2305 315 2369 venit
329 2327 400 2369 cum
415 2305 517 2392 primo
532 2305 645 2369 Irenaei
659 2320 721 2368 tem
765 2329 808 2381 re,
825 2310 860 2384 τῇ
874 2307 972 2388 πρώτῃ
986 2307 1094 2390 ἡλικία,
1110 2305 1188 2369 dum
1203 2313 1270 2373 παῖς

230 2406 297 2457 erat
316 2390 403 2478 apud
423 2393 569 2469 Asianos,
587 2414 687 2455 annus
701 2390 720 2454 il
735 2415 752 2454 e
768 2391 885 2455 Christi
899 2409 970 2475 127.
988 2415 1053 2478 quo
1067 2391 1268 2456 Hadrianum

230 2502 287 2566 per
302 2479 446 2543 Athenas
460 2493 492 2543 et
506 2478 616 2543 Asiam
638 2477 759 2629 Spriam
779 2500 887 2542 versus
906 2478 965 2542 iter
984 2477 1102 2555 fecisse,
1116 2501 1157 2542 ex
1174 2481 1267 2564 Spar·

230 2565 316 2630 tiano
332 2580 364 2629 at
387 2589 427 2628 ue
446 2565 582 2629 nummis
603 2587 661 2651 pro
683 2563 747 2628 avit
767 2564 885 2650 Pagius
901 2566 983 2630 ortt.
998 2567 1034 2627 ι’νι
1048 2565 1190 2629 Annales
1206 2567 1269 2628 Βα-

230 2654 328 2729 aonii,
343 2590 387 2716 ad
404 2675 502 2716 annos
518 2669 590 2735 127.
606 2664 638 2714 et
655 2653 726 2717 128.
741 2650 803 2714 vol.
816 2653 847 2715 Ι.
862 2674 893 2737 p.
908 2665 980 2735 125.
1025 2653 1086 2714 Est
1101 2673 1177 2714 vero
1190 2673 1269 2738 opus

231 2737 311 2802 illud
325 2740 362 2801 de
382 2739 582 2818 Haeresa’has,
601 2737 656 2801 ubi
677 2737 717 2801 de
737 2737 912 2825 Polycarpo
934 2739 1074 2801 lrenoeus
1096 2736 1214 2816 scribit,
1235 2736 1269 2800 ὃν

232 2826 280 2888 καὶ
293 2825 376 2903 ἡμεῖς
391 2824 559 2905 ἑωράκαμεν
574 2827 607 2888 ἓν
621 2829 656 2903 τῇ
670 2826 769 2906 πρώτῃ
782 2826 864 2904 ἡμῶν
877 2825 984 2908 ἡλικίᾳ.
1000 2822 1055 2886 lib.
1068 2824 1140 2887 111.
1157 2847 1227 2910 cap.
1237 2843 1268 2909 3.

232 2912 284 2974 16.
324 2909 375 2973 Ibi
397 2909 525 2995 quidem
551 2910 647 2974 tradit
670 2911 717 2973 vir
741 2924 876 2987 sanctuS,
900 2910 977 2974 πάνυ
1000 2910 1150 2992 γηραλέον
1174 2909 1268 2974 fuisse

229 2995 452 3082 Polycarpum,
473 2996 500 3060 is
520 2996 575 3083 qui
595 3011 641 3061 tot
661 3020 758 3060 annos
775 3010 846 3083 post.
862 3019 971 3084 passus
991 3010 1048 3075 est,
1064 2994 1119 3059 sed
1137 3019 1201 3060 non
1215 2995 1268 3060 illo

227 3081 434 3169 imperatoriae
446 3083 645 3170 profectionis
658 3097 808 3169 tempore,
822 3099 859 3147 ut
870 3082 940 3147 vult
953 3084 1147 3162 Massuetus,
1163 3097 1269 3170 postea

227 3193 312 3247 vero,
329 3193 400 3233 cum
418 3171 568 3258 martyrio
581 3185 746 3234 coronatus
759 3169 864 3233 fuerit.

272 3258 312 3322 P.
329 3277 383 3343 32.
405 3256 427 3320 l.
445 3277 493 3320 10.
516 3264 575 3320 τῶν
598 3258 749 3320 αὐτοπτῶν
770 3261 820 3335 τῆς
844 3260 915 3335 ζωῆς
937 3260 989 3319 τοῦ
1010 3255 1117 3340 λόγου]
1146 3255 1267 3319 Irenaeo

228 3344 315 3408 venit
328 3343 360 3407 in
375 3357 509 3407 mentem
524 3343 602 3407 initii
617 3342 756 3430 epistolae
770 3342 879 3430 primae
894 3345 924 3406 S.
937 3343 960 3405 J
962 3341 1080 3406 oannis.

274 3429 357 3495 Ibid.
372 3430 395 3494 l.
413 3451 462 3514 19.
486 3430 636 3512 ἐμφράξας
656 3434 693 3494 τὰ
714 3427 774 3493 ὦτα
796 3430 896 3513 αὐτοῦ]
923 3428 987 3492 Hic
1009 3451 1075 3490 mos
1097 3441 1165 3492 erat
1185 3441 1266 3491 vete-

230 3539 301 3580 rum
325 3516 584 3594 Christianorum,
600 3531 636 3580 ut
658 3516 683 3579 si
704 3515 784 3579 forte
810 3515 842 3577 in
863 3513 1007 3578 familiari
1028 3513 1185 3600 colloquio
1207 3512 1264 3577 im·

229 3604 319 3690 pium
338 3601 473 3688 aliquem
493 3624 664 3665 sermonem
681 3614 713 3665 et
730 3625 749 3665 a
767 3601 840 3664 fidei
855 3601 1014 3666 catholicoe
1027 3599 1138 3687 regula
1152 3599 1266 3664 dissen-

230 3689 358 3753 tientem
371 3687 551 3766 audiissent,
566 3687 708 3775 protinus
725 3688 877 3752 obturatis
891 3689 1018 3753 auribus
1033 3711 1097 3751 sese
1111 3686 1144 3750 in
1158 3687 1265 3773 fugam
1327 3685 1329 3691 ’

229 3776 483 3840 darent-Porro
500 3775 584 3838 hunc
602 3798 718 3839 morem
736 3774 905 3839 Christiani
919 3801 939 3842 a
950 3777 973 3839 J
976 3773 1074 3838 udaeis
1088 3774 1265 3836 hauserant.

230 3864 282 3926 De
303 3860 418 3949 quibus
435 3861 519 3925 idem
538 3874 670 3925 testatur
692 3862 796 3925 Lucas
817 3862 849 3926 in
869 3886 938 3951 cap.
949 3861 999 3925 vii.
1017 3864 1160 3924 Actuum
1174 3860 1265 3946 Apo

229 3948 400 4023 stolorum3
429 3949 585 4031 κράξαντες
605 3950 636 4011 δὲ
657 3953 740 4030 φωνῇ
760 3954 887 4031 μεγαλῇ,
904 3951 1054 4030 σύνεσχον
1075 3948 1113 4009 τὰ
1134 3943 1195 4009 ὦτα
1218 3945 1266 4010 αὗ-

229 4043 296 4111 τῶν,
326 4037 372 4101 καὶ
396 4033 536 4118 ὥρμησαν
562 4035 747 4115 ὁμαθυμαδὸν
774 4035 818 4099 ἐπ’
845 4037 943 4100 αὐτόν.
989 4031 1206 4119 Hieronymus
1234 4030 1266 4094 in

228 4122 372 4211 Epistola
393 4121 434 4185 ad
462 4121 640 4184 Pammach.
671 4120 818 4185 adversus
842 4143 959 4184 errores
983 4119 1079 4181 Joan.
1107 4116 1266 4182 Hierosol.

228 4234 262 4295 p.
276 4228 348 4294 235.
387 4209 469 4272 Item
496 4209 582 4291 Aug.
605 4207 637 4269 in
662 4209 758 4270 Serm.
783 4209 834 4288 84.
853 4206 893 4269 de
919 4204 1102 4269 Festivitate
1123 4204 1264 4269 Paschae.

229 4299 399 4361 Vaunsrus
414 4294 527 4359 adhoc
543 4294 769 4380 Fragmentum
783 4292 868 4379 apud
883 4291 1070 4356 Eusebium.
