2678 4830
350 344 592 409 ADVERSUS
615 343 778 407 OMNES
802 342 1044 405 HAERESES.
1158 343 1222 406 als

180 516 268 580 “ille
288 530 388 602 pater,
404 515 460 600 qui
481 514 563 578 infra
581 528 722 589 vocatur,
742 515 893 594 Propntor
907 513 1036 597 Bytlms,
1052 514 1222 600 pronunci-

179 612 200 642 “
215 602 299 666 ando
310 616 342 666 et
355 601 524 687 aperiendo
538 624 573 664 os
587 599 726 664 Verbum
743 599 854 677 emisit,
866 599 953 684 quod
966 598 1103 678 adstans,
1115 622 1225 685 quem-

178 699 200 729 “
216 689 291 753 libet
300 689 428 750 AEonem
443 686 567 751 nomine
582 709 640 750 suo
654 709 672 748 a
695 684 841 771 pellabat.
879 687 984 762 Quare
998 700 1082 750 recte
1097 686 1225 749 Rhena-

180 783 200 813 “
214 797 274 838 nus
296 774 441 837 lectorem
463 772 582 837 remisit
600 772 640 836 ad
663 708 743 835 illud
765 771 847 834 infra
867 770 907 834 de
931 771 1146 844 Heracleone3
1170 773 1226 834 sed

180 861 348 924 “nouitate
371 861 503 942 quodam
525 858 778 940 pronuntiationis
802 858 866 921 uult
891 857 988 921 videri
1014 858 1078 921 alia
1102 858 1225 922 sentire.

179 953 202 986 “
219 946 387 1010 introducit
401 946 480 1007 enim
493 945 639 1026 imprimis
652 944 729 1007 illud
740 941 842 1024 finisse
861 944 941 1028 quad
957 943 1165 1024 pronuntiat.''
1179 942 1227 1006 in-

179 1033 237 1095 fra.
276 1029 436 1117 Rigaltius
458 1045 563 1095 autern
587 1029 645 1103 ait;
670 1029 841 1093 “Videtur
862 1028 980 1116 aliquid
1004 1029 1120 1109 deesse,
1139 1029 1225 1114 quod

180 1116 358 1203 “suppleri
376 1116 473 1201 possit
491 1139 530 1179 ex
549 1115 585 1178 iis
604 1138 677 1201 quae
698 1114 848 1201 leguntur
869 1113 922 1177 lib.
946 1113 1094 1179 adversus
1117 1115 1227 1179 Valen-

182 1211 203 1243 “
219 1202 352 1268 tinianos
375 1224 448 1288 pag.
473 1205 546 1285 296.
587 1203 666 1264 Tam
690 1202 859 1284 importune
874 1201 955 1282 filia
980 1202 1164 1278 occurrisset,
1191 1211 1227 1265 ut

182 1290 311 1352 “etiam
332 1287 504 1350 inclamarit
525 1288 556 1349 in
578 1308 646 1351 eam
663 1288 736 1365 Jao,
756 1288 853 1370 quasi,
871 1288 969 1350 Porro
988 1288 1137 1359 Quirites!
1158 1296 1225 1364 aut,

182 1384 204 1414 “
219 1375 329 1437 Fidem
346 1374 497 1437 Ccesans!
516 1374 592 1435 Iride
607 1374 754 1437 invenitur
768 1374 832 1435 Jao
849 1373 881 1435 in
897 1373 1082 1454 scripturis.''
1096 1396 1164 1460 cap.
1178 1393 1225 1454 14.

182 1463 289 1525 Antea
303 1459 379 1523 ibid.
392 1481 461 1545 cap.
474 1478 504 1541 9.
523 1458 685 1545 scripserat
701 1458 931 1522 Tertullianus:
949 1459 1101 1530 Quadam
1115 1470 1145 1523 et
1160 1459 1229 1523 hnic

184 1548 306 1629 (Horo)
322 1546 370 1610 uis
387 1555 442 1621 est,
456 1542 707 1625 fundamentum,
723 1545 928 1609 uniuersitatis
948 1545 1030 1607 illius
1047 1547 1230 1608 extrinsecis

183 1643 292 1711 cantos,
308 1653 395 1715 quem
409 1640 440 1693 et
456 1631 579 1694 Crucem
599 1631 765 1713 appellant,
781 1640 809 1693 et
828 1633 990 1715 Lytroten,
1009 1641 1040 1693 et
1063 1631 1229 1712 Carpisten.

184 1717 331 1803 Denique
353 1739 466 1780 vocum
488 1716 624 1795 illarum,
645 1717 858 1780 Pronuntiatia
880 1717 1024 1798 appellat,
1048 1716 1231 1803 significatio

182 1804 251 1868 haec
270 1803 397 1867 videtur
415 1826 491 1881 esse,
507 1801 767 1866 Pronuntiatione
784 1801 868 1866 vocis
881 1803 953 1882 Jao,
966 1801 997 1864 h.
1010 1826 1038 1865 e.
1051 1804 1102 1885 qui
1115 1802 1230 1880 existit,

184 1889 388 1975 Demiurgus,
405 1889 469 1952 sive
484 1890 625 1965 Creator,
640 1888 847 1976 appellatione
861 1888 1008 1952 donatur.
1040 1890 1167 1952 Interea
1177 1887 1230 1953 vix

184 1975 307 2055 dubito,
323 1974 400 2061 quin
420 1997 482 2037 vox
496 1975 569 2054 Juo,
588 1997 695 2061 quam,
715 1988 752 2038 ut
771 1974 850 2052 dixi,
866 1973 1063 2038 nesciverunt
1080 1974 1232 2039 editiones

184 2061 413 2138 vetustissimae,
431 2060 464 2123 in
484 2082 656 2147 pronomen
680 2062 735 2123 hoc
756 2060 837 2124 male
855 2083 1004 2124 conversa
1026 2073 1115 2138 esset,
1136 2074 1232 2147 atque

185 2148 299 2212 idcirco
314 2147 363 2210 dis
386 2170 472 2210 arere
486 2148 540 2210 hoc
554 2161 650 2231 atque
664 2145 779 2232 expelli
792 2171 809 2210 e
824 2160 973 2210 contextu
988 2146 1158 2210 debuisset.

229 2237 266 2296 P.
282 2236 350 2317 163.
363 2170 389 2296 i
398 2253 450 2316 31.
476 2232 676 2296 contristatus
690 2233 752 2320 est]
771 2232 822 2295 Sic
836 2232 908 2296 edd.
927 2231 1069 2295 Rhenani
1085 2245 1116 2295 et
1132 2231 1232 2295 Paris.

185 2333 304 2406 postea,
320 2318 459 2382 Pamelio
472 2318 574 2404 primo
590 2331 741 2395 mutante,
757 2332 793 2382 ut
807 2332 895 2404 patet
909 2341 947 2380 ex
963 2318 1045 2381 notis
1059 2319 1139 2403 ejus,
1154 2340 1234 2404 praa-

187 2405 333 2468 stiterunt
347 2404 419 2467 edd.
436 2403 571 2468 Franek.
587 2418 619 2467 et
634 2402 811 2488 Rigaltiana
823 2405 1002 2467 contristata
1017 2413 1073 2466 est.
1097 2403 1144 2466 Ut
1158 2425 1233 2466 vero

186 2504 293 2553 monet
309 2490 477 2568 Semlerus,
492 2489 524 2552 in
543 2488 713 2552 masculino
734 2488 922 2552 subauditur
939 2512 1018 2553 aeon.
1066 2491 1181 2574 Itaque
1200 2488 1233 2552 in

188 2576 247 2640 hac
262 2574 418 2639 Valentini
439 2575 524 2658 ῥήσει
545 2577 740 2638 contristatus
759 2575 987 2639 restituendum
1007 2575 1124 2639 curavi.
1171 2573 1233 2639 Sed

188 2660 405 2726 Tertullianus
420 2663 512 2725 Ades.
530 2660 754 2724 Valentinianos
769 2684 837 2748 cap.
850 2681 882 2744 9.
897 2674 1020 2724 mutato
1036 2661 1167 2724 vicissim
1181 2684 1235 2748 ge-

188 2771 261 2811 nere
282 2747 397 2812 scribit.
422 2747 563 2830 Namque
583 2768 622 2809 ea
640 2747 702 2809 illis
721 2748 877 2810 duodecim
896 2748 1040 2824 aeontun,
1057 2769 1131 2830 quos
1146 2749 1234 2811 hmno

189 2843 218 2896 et
239 2834 363 2898 ecclesia
386 2834 555 2912 ediderant,
574 2831 741 2896 novissima
762 2843 838 2896 nata
858 2855 936 2897 oeon.
966 2833 1083 2897 Viderit
1103 2834 1233 2898 solacis·

188 2940 266 2999 mus,
281 2921 389 3002 sopln‘a
408 2919 487 2981 enim
504 2941 610 2982 nornen
630 2921 884 3001 est—prorumpit
898 2921 929 2982 in
942 2929 1062 3002 patrem
1076 2921 1232 3004 inquirere.

190 3005 351 3069 Pertinere
365 3028 440 3069 vero
460 3004 564 3068 omnia
584 3028 658 3068 mox
674 3005 761 3069 dicta
778 3005 819 3069 ad
840 3006 935 3068 istum
958 3005 1145 3069 tricesimum
1169 3027 1233 3070 aeo·

188 3114 259 3154 nem
286 3093 349 3155 Jao
375 3090 569 3156 nominatum
595 3104 627 3155 et
651 3091 831 3155 Achamoth
855 3091 887 3155 in
910 3091 1082 3156 defectione
1104 3092 1234 3170 factum,

189 3200 258 3241 mea
271 3177 333 3241 fert
348 3177 513 3252 sententia3
532 3177 586 3240 sed
596 3176 721 3263 conjicit
738 3176 907 3255 Pamelius,
920 3177 1174 3256 interserendam,
1188 3178 1237 3243 vel

189 3263 449 3341 subaudiendam,
465 3277 535 3350 post
556 3262 609 3327 illa
631 3264 736 3342 verba,
754 3263 846 3327 Hunc
859 3261 950 3345 fecit,
971 3287 1078 3327 vocem
1094 3265 1238 3327 Demiur-

188 3371 258 3434 gus,
274 3349 364 3435 cujus
386 3364 486 3413 mater
504 3362 551 3413 est
569 3349 763 3427 Achamoth,
781 3362 817 3413 ut
836 3349 1000 3430 conveniat
1018 3373 1090 3413 cum
1114 3351 1237 3414 Irenaeo

189 3450 220 3500 et
240 3435 433 3522 Epiphanio,
448 3436 511 3499 imo
530 3459 602 3498 cum
618 3434 827 3513 Tertulliano,
843 3448 962 3499 auctor.
1007 3438 1053 3501 Et
1072 3436 1146 3501 huic
1166 3436 1237 3522 qui-

189 3522 261 3585 dem
286 3522 416 3586 Pamelii
437 3521 576 3609 opinioni
595 3522 700 3586 favere
715 3520 862 3586 videntur
876 3523 971 3586 verba
985 3537 1057 3608 post
1072 3522 1167 3608 paulo
1186 3545 1235 3587 se-

191 3607 337 3693 quentia;
362 3609 504 3692 quoniam
518 3609 639 3692 quidem
652 3609 716 3690 ipse
729 3605 828 3689 suerit
843 3609 881 3671 de
896 3608 1082 3690 aporiatione
1097 3610 1235 3694 (ἀπορίᾳ)

192 3703 349 3776 cmmeptus
363 3705 453 3778 atque
464 3695 612 3775 prolatus.
644 3694 737 3758 Hunc
752 3703 853 3758 tamen
867 3694 1032 3757 instituisse
1045 3697 1138 3758 istum
1152 3717 1238 3758 mun-

192 3781 264 3842 dam
277 3802 314 3842 ea
328 3780 374 3842 his
388 3780 533 3859 materiis,
545 3801 620 3863 quas
628 3781 799 3844 Achamoth
806 3781 857 3861 ,oet
868 3781 1079 3862 persanaret
1094 3782 1236 3857 timendo,

192 3865 238 3927 vet
252 3867 465 3942 contristando,
481 3867 529 3929 vel
544 3868 681 3930 sudando
698 3865 893 3950 prestiterat.
941 3866 1028 3930 lnest
1043 3867 1171 3952 quidem
1189 3865 1237 3929 his

192 3950 294 4013 verbis
317 3951 505 4038 ambiguitas
531 3952 688 4037 quaedam,
714 3951 845 4039 perinde
871 3975 907 4016 aa
933 3953 969 4016 fit
994 3952 1025 4015 in
1053 3952 1161 4015 fabula
1185 3951 1238 4015 illa

192 4037 373 4100 Achamoth
389 4052 421 4102 et
437 4037 493 4101 filii
514 4037 689 4136 Demiurgi.
735 4040 817 4102 Haec
834 4038 916 4101 enim
937 4038 1043 4102 scribit
1063 4036 1236 4101 Tertullia-

192 4144 253 4185 nus
274 4145 341 4208 cap.
362 4124 410 4188 18.
434 4123 574 4211 ejusdem
596 4123 667 4188 librr
682 4124 778 4189 Ades.
800 4124 1034 4204 Valentinianos,
1056 4124 1112 4188 ubi
1135 4123 1240 4188 Ptole·

192 4207 274 4285 maei,
290 4208 330 4271 de
347 4231 412 4294 quo
431 4209 528 4296 paulo
546 4209 638 4287 infra,
659 4209 826 4274 sententias
844 4224 1000 4285 recenset;
1021 4212 1068 4273 Ab
1082 4210 1135 4273 illa
1149 4210 1238 4289 enim,

195 4293 400 4382 (Demiurgo)
421 4297 448 4358 si
470 4306 570 4360 tamen
591 4299 631 4360 ab
653 4297 716 4374 illo,
740 4305 770 4360 et
792 4317 853 4360 non
874 4297 913 4360 ab
932 4297 1001 4379 ipsa
1018 4296 1121 4380 potius
1135 4296 1238 4360 Acha-

689 4402 741 4468 ¹²3
