2768 4844
181 338 245 404 150
534 334 874 400 TERTULLIANI

181 524 219 590 et
240 509 348 610 primi
374 521 478 581 etex
502 505 612 606 ipsiu
638 533 748 604 quam
773 507 854 580 illos
880 534 951 580 non
976 506 1150 599 intulisse,
1165 510 1228 608 qui

183 639 320 700 suntet
342 623 474 724 posteri
493 635 530 696 et
550 622 698 696 adversi.
748 624 853 697 Alius
877 650 989 697 manu
1012 623 1228 724 scripturas3

182 744 285 832 alius,
310 768 434 815 sensus
460 738 683 839 expositione
709 740 918 814 intervertit.
970 740 1103 839 Neque
1128 743 1227 816 enim

182 860 213 933 si
231 857 446 934 Valentinus
473 857 612 956 integro
638 856 879 931 instrumento
905 857 958 931 uti
982 858 1132 943 videtur,
1156 885 1230 930 non

183 975 365 1053 callidiore
382 973 540 1074 ingenio,
557 999 667 1071 quam
687 973 866 1064 Marcion,
883 1001 1012 1048 manus
1030 974 1154 1047 intulit
1168 1002 1258 1065 ve·5

182 1091 290 1166 ritati.
320 1090 487 1164 Marcion
505 1102 625 1163 exerte
643 1103 679 1163 et
696 1091 816 1189 palam
835 1091 1025 1181 machaera,
1046 1117 1117 1163 non
1135 1091 1231 1191 stylo

182 1234 268 1282 usus
286 1220 356 1280 est:
383 1205 553 1305 quoniam
574 1205 619 1280 ad
637 1205 822 1279 materiam
842 1234 945 1279 suam
963 1206 1102 1280 caedem
1120 1207 1230 1307 scrip-

183 1337 346 1398 turarum
365 1322 534 1396 confecit.
574 1321 788 1395 Valentinus
807 1335 927 1396 autem
946 1322 1123 1423 pepercit:
1142 1350 1231 1421 quo·

184 1439 281 1513 niam
307 1465 380 1512 non
406 1439 449 1512 ad
472 1437 658 1513 materiam
678 1438 882 1538 scripturas,
901 1439 962 1512 sed
982 1439 1165 1512 materiam
1185 1438 1231 1512 ad

185 1556 376 1655 scripturas
407 1554 648 1654 excogitavit3
685 1567 722 1628 et
752 1568 876 1629 tamen
905 1556 987 1655 plus
1017 1555 1166 1630 abstulit
1194 1570 1283 1631 etro

184 1672 266 1771 plus
284 1669 425 1768 adjecit,
444 1669 606 1744 auferens
633 1671 868 1770 proprietates
894 1671 1119 1770 singulorum
1142 1698 1231 1770 quo-

184 1815 255 1888 que
277 1788 480 1874 verborum,
498 1800 535 1859 et
559 1787 729 1885 adjiciens
756 1787 1007 1887 dispositioncs
1034 1816 1106 1861 non
1132 1815 1232 1863 com-

185 1904 390 2004 parentium
408 1931 542 1978 rerum.

59 2031 143 2082 GAP·
237 2022 330 2095 Haec
353 2034 438 2094 sunt
461 2021 606 2120 ingenia
628 2020 674 2094 de
699 2021 918 2121 spiritalibus
942 2022 1126 2119 nequitiae,
1146 2049 1231 2095 cum

21 2096 164 2227 Effig}
186 2137 317 2235 quibus
346 2138 496 2210 luctatio
526 2156 581 2211 est
607 2137 722 2228 nobis,
748 2136 885 2228 fratreS,
911 2137 1040 2210 merito
1070 2151 1280 2225 contem-15

25 2229 102 2278 ¹⁰⁰⁸
115 2244 149 2277 ¹³
185 2252 337 2354 planda;
364 2252 447 2326 fidei
466 2255 676 2344 necessaria,
695 2267 737 2327 ut
760 2254 864 2328 electi
890 2255 1175 2344 manifestentur,
1192 2268 1233 2328 ut

185 2370 325 2469 reprobi
344 2369 568 2468 detegantur.
618 2370 669 2444 Et
693 2370 774 2444 ideo
800 2372 935 2445 babent
952 2372 1039 2462 vim,
1057 2386 1093 2446 et
1116 2373 1151 2444 in
1171 2397 1233 2444 ex-

185 2486 387 2587 cogitandis
410 2487 700 2586 instruendisque
723 2489 899 2562 erroribus
922 2488 1131 2562 felicitatem
1158 2515 1232 2560 non

187 2604 277 2678 adeo
294 2604 507 2691 mirandam,
525 2605 626 2703 quasi
644 2605 840 2695 difficilem,
858 2619 895 2678 et
918 2605 1232 2706 inexplicabilem

186 2748 270 2795 cum
300 2721 345 2794 de
375 2721 603 2795 saecularibus
633 2749 777 2820 quoque
809 2723 992 2822 scripturis
1022 2723 1284 2821 exemplumao

186 2850 317 2936 praesto
345 2837 391 2911 sit
416 2838 593 2936 ejusmodi
616 2837 817 2924 facilitatis;
854 2866 927 2937 quo
951 2839 1013 2935 jus
1043 2835 1142 2938 (for.
1161 2864 1234 2935 quo

187 2952 297 3027 vides.
322 2954 424 3028 Coras.
438 2957 577 3050 notam)
593 2953 701 3027 hodie
718 2980 765 3027 ex
777 2955 930 3052 Virgilio
947 2955 1105 3028 fabulam
1125 2955 1161 3027 in
1180 2966 1236 3026 to-

188 3084 266 3144 turn
292 3070 400 3145 aliam
424 3069 606 3171 componi,
624 3070 773 3142 materia
791 3069 990 3142 secundum
1007 3096 1140 3158 versus,
1158 3097 1235 3142 ver-

189 3187 287 3263 sibus
317 3188 516 3262 secundum
549 3185 736 3260 materiam
768 3184 1004 3258 concinnatis.
1065 3185 1236 3284 Denique

189 3303 367 3378 Hosidius
386 3303 482 3376 Geta
499 3301 668 3375 Medeam
689 3301 903 3400 tragoediarn
923 3328 967 3374 ex
986 3301 1138 3399 Virgilio
1159 3301 1235 3398 ple·
1248 3330 1285 3390 25

188 3421 337 3494 nissime
353 3419 508 3493 exsuxit.
560 3416 669 3491 Meus
686 3418 834 3516 quidam
860 3419 1084 3520 propinquus
1107 3442 1152 3490 ex
1176 3442 1236 3487 eo-

189 3537 272 3610 dem
292 3548 399 3634 po'eta
416 3535 510 3608 inter
527 3546 645 3608 cetera
662 3534 746 3633 styli
764 3534 820 3609 sui
837 3535 910 3608 otia
933 3536 1102 3609 Pinacem
1121 3533 1237 3606 Cebe-

191 3653 237 3727 tis
254 3651 439 3750 explicuit.
467 3651 823 3726 Homero-centonas
841 3651 951 3725 etiam
966 3678 1092 3726 vocare
1110 3651 1237 3741 solent,

191 3767 253 3867 qui
271 3767 316 3842 de
332 3767 551 3842 carminibus
570 3769 723 3843 Homeri
742 3769 886 3869 propria
902 3796 1011 3869 opera
1033 3795 1133 3842 more
1153 3794 1238 3841 cen-

191 3885 333 3959 tonario
359 3912 406 3960 ex
434 3885 555 3959 multis
583 3885 669 3960 hinc
698 3885 782 3960 inde
812 3885 1021 3985 compositis
1051 3887 1089 3959 in
1120 3912 1236 3960 unum
1246 3914 1288 3973 30

191 4002 351 4078 sarciunt
367 4030 508 4103 corpus.
558 4003 609 4077 Et
632 4002 756 4103 utique
778 4002 982 4077 foecundior
997 4002 1119 4078 divina
1142 4004 1238 4076 litte-

190 4133 310 4195 ratura
326 4118 370 4193 ad
388 4119 596 4194 facultatem
615 4120 862 4220 cujuscunque
880 4120 1048 4196 materiae.
1078 4120 1159 4193 Nec
1175 4143 1238 4216 pe·

190 4237 325 4313 riclitor
348 4236 477 4328 dicere,
502 4236 597 4337 ipsas
622 4264 767 4336 quoque
792 4237 986 4338 scripturas
1012 4238 1062 4311 sic
1088 4263 1165 4310 esse
1191 4259 1237 4308 ex
