2678 4830
163 321 227 382 124
517 318 861 383 TERTULLIANI

162 491 243 588 quis
265 515 327 563 vos
349 490 609 564 circumveniat
628 517 701 589 per
723 491 984 589 philosophiam
1007 501 1042 565 ct
1067 491 1217 567 inanem

162 607 413 695 seductionem,
431 607 627 681 secandam
648 610 882 682 traditionem
904 607 1098 694 laninam,
1116 635 1217 706 pra·

163 732 220 795 ter
233 725 505 820 providentiam
525 725 687 823 Spiritus
705 724 841 799 Sancti.
881 725 1013 798 Fuerat
1030 725 1185 799 Athenis
1202 758 1213 812 ;

162 853 198 913 et
222 841 328 914 istam
354 841 567 941 sapientiam
592 842 801 932 humanam,
819 841 1071 916 affectatricem
1096 853 1133 914 et
1156 842 1214 916 in-

160 959 426 1057 terpolatricem
445 958 614 1047 veritatis,
631 957 677 1032 de
699 958 949 1056 congressibus
973 970 1131 1048 noverat,
1156 959 1240 1059 ip-5

161 1101 238 1148 sam
256 1103 400 1173 quoque
417 1075 452 1148 in
472 1102 553 1148 suas
572 1074 726 1148 haereses
744 1074 1021 1175 multipartitam
1039 1075 1211 1151 varietate

160 1204 335 1265 sectarum
356 1191 508 1265 invicem
529 1191 821 1291 repugnantium.
875 1190 973 1274 Quid
992 1217 1077 1288 ergo
1092 1193 1211 1265 Athe-

158 1307 215 1382 nis
241 1319 278 1379 et
304 1306 588 1407 Hierosolymis?
624 1306 722 1389 Quid
750 1304 941 1379 academiae
965 1318 1001 1378 et
1024 1305 1208 1380 ecclesiae?

160 1423 260 1506 Quid
278 1422 455 1497 haereticis
473 1436 509 1496 et
527 1422 766 1496 Christianis?
807 1422 944 1495 Nostra
964 1420 1143 1494 institutio
1161 1423 1209 1496 de

158 1538 300 1640 porticu
318 1538 520 1611 Salomonis
538 1552 608 1611 est:
627 1539 688 1636 qui
707 1552 744 1611 et
761 1541 838 1638 ipse
855 1537 1059 1626 tradiderat,
1077 1537 1209 1613 Domi·
1222 1572 1261 1611 ιο

7 1682 10 1697 ·
43 1679 77 1727 ,a
159 1680 247 1727 num
274 1655 313 1726 in
338 1653 572 1750 simplicitate
598 1655 718 1728 cordis
743 1682 820 1727 esse
846 1653 1092 1753 quaerendum.
1142 1656 1209 1728 Vi-

158 1769 276 1843 derint
301 1769 363 1867 qui
390 1769 565 1859 Stoicum,
585 1783 622 1842 et
642 1771 881 1860 Platonicum,
904 1783 941 1843 et
963 1769 1207 1859 dialecticum,

158 1883 477 1957 Christianismum
496 1886 733 1984 protulerunt.

207 2001 325 2073 Nobis
344 2001 549 2074 curiositate
566 2029 657 2100 opus
675 2028 746 2074 non
765 2015 821 2074 est
836 2015 920 2102 post
937 2001 1124 2076 Christum
1142 2003 1207 2079 Je-

158 2143 250 2207 sum,
267 2144 334 2190 nec
360 2117 591 2215 inquisitione
615 2131 697 2217 post
720 2118 959 2216 evangelium.
1012 2118 1107 2193 Cum
1130 2145 1205 2192 cre·
1219 2149 1254 2211 15

155 2234 287 2324 dimus,
305 2235 396 2306 nihil
415 2234 657 2308 desideramus
680 2236 773 2308 ultra
798 2234 951 2309 credere.
1004 2236 1089 2307 Hoc
1105 2236 1205 2309 enim

153 2350 252 2449 prius
277 2351 467 2440 credimus,
485 2378 556 2425 non
581 2350 773 2449 essequod
798 2351 891 2424 ultra
914 2349 1056 2424 credere
1075 2350 1206 2425 debea-

154 2492 247 2540 mus.
299 2468 417 2539 Venio
446 2467 569 2565 itaque
597 2468 642 2541 ad
669 2467 774 2540 illum
802 2466 1007 2557 articulum,
1032 2493 1141 2564 quem
1167 2481 1205 2542 et

155 2584 265 2657 nostri
300 2585 530 2684 praetendunt
564 2583 609 2657 ad
645 2583 842 2657 ineundam
878 2584 1133 2674 curiositatem,
1168 2598 1205 2659 et

155 2700 315 2772 haeretiei
350 2701 533 2774 inculcant
567 2701 612 2774 ad
647 2700 912 2799 importandam
945 2700 1202 2774 curiositatem.
1215 2738 1253 2777 20

21 2857 35 2889 a
76 2841 117 2888 vs.
155 2815 339 2912 Scriptum
383 2828 449 2905 est,
485 2817 668 2929 inquiunt,
716 2818 880 2895 tramite
923 2827 959 2890 et
1000 2817 1201 2892 invenietis.

155 2932 311 3015 Quando
337 2933 431 3005 banc
449 2959 572 3007 vocem
593 2934 777 3007 Dominus
804 2934 935 3026 emisit,
953 2933 1201 3020 recordemur3

153 3061 244 3150 puto
274 3049 310 3121 in
340 3049 509 3149 primitiis
539 3050 625 3148 ipsis
653 3048 827 3124 doctrinae
857 3077 941 3136 suae,
969 3078 1053 3124 cum
1083 3050 1201 3124 adhuc

153 3166 377 3241 dubitaretur
399 3166 494 3266 apud
516 3193 655 3258 omnes,
673 3194 718 3240 an
736 3167 901 3240 Christus
920 3181 1035 3241 esset:
1063 3181 1200 3242 etcum

7 3329 33 3388 ‚a
74 3311 123 3361 xvi.
153 3283 273 3358 adhuc
290 3312 357 3358 nec
374 3285 500 3358 Petrus
520 3284 620 3356 illum
648 3282 721 3356 Dei
746 3283 880 3355 Filium
904 3284 1247 3382 pronunciasset325

14 3410 20 3424 '
152 3429 236 3474 cum
268 3403 377 3475 etiam
407 3403 570 3475 Joannes
600 3400 645 3474 dc
678 3401 743 3473 illo
778 3413 895 3472 certus
928 3427 1006 3472 esse
1039 3400 1198 3473 desisset.

152 3517 287 3590 Merito
310 3545 395 3616 ergo
421 3530 508 3591 tunc
535 3518 673 3591 dictum
701 3530 766 3606 est,
788 3516 962 3603 Quaerite,
987 3526 1022 3588 et
1044 3517 1200 3590 invenie-

151 3632 223 3704 tis:
251 3632 395 3728 quando
413 3633 624 3730 quaerendus
644 3632 762 3704 adhuc
779 3644 865 3716 erat,
884 3631 944 3729 qui
963 3630 1082 3704 adhuc
1100 3629 1200 3728 agni-

150 3761 207 3820 tus
226 3767 298 3820 non
320 3761 406 3837 erat,
424 3763 460 3821 et
485 3750 558 3821 hoc'
576 3761 752 3845 quantum
773 3747 818 3821 ad
834 3749 997 3822 tudaeos.
1041 3747 1099 3820 Ad
1117 3747 1198 3818 illos

149 3864 245 3937 enim
271 3864 427 3962 pertinet
452 3878 548 3937 totus
572 3891 689 3936 sermo
713 3862 975 3962 suggillationis
998 3863 1112 3952 istius,
1135 3862 1247 3961 qui30

149 3982 331 4056 habebant
349 3981 410 4053 ubi
429 3992 627 4077 quaererent
645 3978 857 4052 Christum:
884 3979 1049 4068 Habent,
1069 3978 1197 4075 inquit,

7 4128 44 4161 uc·
75 4116 97 4163 v·
149 4098 304 4199 ansen
335 4107 370 4170 et
400 4097 564 4187 Heliam,
594 4097 632 4170 id
663 4108 728 4186 est,
758 4095 898 4193 Legem
927 4108 964 4169 et
998 4094 1196 4194 Prophetas

148 4216 335 4290 Christum
373 4214 634 4314 praedicantes:
675 4210 871 4285 secundum
908 4211 1004 4308 quod
1039 4225 1076 4284 et
1111 4210 1194 4286 alibi
