2678 4830
399 354 463 416 DE
488 351 612 415 ZELO
635 352 700 414 ΕΤ
725 350 913 414 LIVORE.
1116 350 1181 412 318

182 524 268 598 Vll.
295 523 505 597 Obterenda
528 537 625 610 sunt,
645 523 768 596 fratres
787 520 1024 608 dilectissimi,
1042 519 1129 592 vitia
1146 533 1182 592 et

132 652 281 740 peecata
311 639 477 726 carnalia,
508 652 545 711 et
575 639 705 711 terreni
735 638 894 738 corporis
924 637 1053 710 infesta
1085 635 1182 708 labes

133 756 283 857 spiritali
301 754 422 853 vigore
441 754 634 839 calcanda3
661 782 707 827 ne
726 754 814 828 dum
837 755 970 828 iterum
992 752 1036 826 ad
1055 751 1183 825 veteris
1291 740 1295 747 ¹

133 872 291 945 hominis
318 872 628 944 conversationem
657 873 885 962 revolvimur,
912 871 1106 943 lethalibus
1134 870 1185 942 la-

107 989 235 1087 5queis
254 988 496 1088 implicemur,
515 989 677 1087 apostolo
697 988 766 1061 hoc
784 988 878 1061 idem
903 985 1131 1087 providenter
1148 998 1185 1057 et

133 1106 324 1180 salubriter
343 1118 614 1204 praemonente:
633 1107 778 1205 Itaque,
796 1104 927 1201 inquit,
931 1101 1096 1204 fratres,
1114 1127 1185 1176 non
1194 1127 1265 1176 mm.
1277 1126 1327 1176 vio.

132 1225 328 1298 secundum
346 1247 492 1295 curnem
509 1222 682 1296 vivamus.
718 1221 761 1294 Si
779 1221 873 1294 eni-m
890 1219 1086 1294 secundum
1104 1223 1187 1291 eor-

133 1366 214 1413 nem
243 1340 420 1427 emeritis,
449 1338 632 1435 incipietis
661 1339 765 1411 mori.
813 1338 856 1411 Si
890 1347 1012 1410 nutem
1043 1335 1187 1433 Spiritu

134 1482 244 1554 opero
287 1456 408 1529 curnis
449 1453 768 1554 mortificaveritis,
806 1454 944 1528 vivetis.
1000 1454 1188 1553 Quotquot

92 1574 229 1647 roenim
256 1571 400 1670 Spiritu
425 1571 504 1643 Dei
530 1581 705 1670 aguntur,
733 1571 772 1643 tu·
786 1568 871 1669 filii
896 1569 974 1644 Dei
997 1578 1094 1642 sunt.
1148 1567 1187 1641 Si

136 1690 202 1762 filii
228 1689 301 1761 Dei
327 1715 462 1774 sumus,
485 1688 512 1759 si
533 1688 668 1788 templa
691 1686 767 1784 ejus
792 1713 868 1760 esse
889 1686 966 1782 jam
995 1686 1188 1784 coepimus,

88 1906 90 1909 ι
136 1808 165 1879 si
184 1819 333 1906 accepto
357 1806 494 1904 Spiritu
517 1807 651 1879 Sancto
674 1817 797 1878 sancte
814 1817 851 1876 et
873 1803 1080 1904 spiritaliter
1097 1801 1187 1876 vivi-

137 1950 229 2010 mus,
248 1922 340 1995 side
359 1923 459 1995 terris
476 1924 600 1996 oculos
624 1921 668 1995 ad
692 1923 827 1995 coelum
852 1920 1076 2009 sustulimus,
1094 1918 1122 1990 si
1141 1917 1186 1990 ad
1229 1935 1232 1942 '

136 2066 290 2139 superna
316 2053 353 2112 et
378 2039 500 2112 divina
528 2041 676 2138 plenum
707 2038 791 2111 Deo
820 2052 857 2111 et
887 2038 1034 2110 Christo
1059 2048 1186 2135 pectus

93 2158 328 2249 15ereximus,
347 2183 419 2228 non
443 2157 510 2228 nisi
537 2182 618 2253 quae
642 2168 725 2227 sunt
748 2155 832 2227 Deo
850 2168 886 2226 et
908 2153 1054 2225 Christo
1076 2152 1186 2251 digna

137 2273 323 2360 faciamus,
341 2273 434 2345 sieut
456 2285 493 2344 et
517 2271 700 2370 apostolus
724 2271 857 2344 excitat
880 2283 916 2342 et
941 2269 1122 2343 hortatur:
1144 2269 1187 2343 Si
1195 2293 1284 2343 coloss.
1297 2291 1332 2340 rii.

138 2389 429 2476 consurrexistis,
464 2387 594 2484 inquit,
624 2413 704 2460 oum
739 2387 895 2475 Christo,
929 2413 1006 2485 qun
1039 2411 1185 2459 sursum

137 2516 224 2579 sunt
246 2506 404 2604 querite,
429 2504 491 2577 ubi
520 2504 692 2577 Christus
716 2515 770 2576 est
794 2504 833 2576 in
857 2503 1009 2577 deutera
1031 2503 1108 2576 Dei
1130 2529 1186 2576 se-

140 2622 244 2706 dens3
269 2648 345 2720 quce
367 2646 512 2693 sursum
536 2630 622 2693 sunt
644 2622 773 2717 sapite,
790 2646 863 2694 non
885 2647 963 2720 quce
983 2646 1094 2718 super
1113 2631 1186 2693 ter-
1228 2667 1232 2675 ·

94 2773 130 2811 20
139 2764 232 2811 rom.
268 2736 416 2809 Mortui
436 2736 532 2808 enim
555 2736 652 2824 estis,
674 2746 709 2809 et
730 2737 807 2810 vito
828 2746 953 2810 uestra
976 2737 1185 2810 abscondito

140 2865 194 2929 est
212 2881 292 2928 cum
313 2852 461 2926 Cirristo
479 2852 518 2925 in
537 2852 632 2925 Deo.
670 2853 764 2926 Cum
787 2863 909 2927 autern
930 2853 1100 2926 Christus
1122 2881 1187 2951 up-

134 2970 308 3067 puruerit
337 2972 414 3043 nito
442 2979 576 3060 vestro,
601 2981 687 3044 tunc
712 2982 748 3043 et
771 2997 832 3044 oos
857 2970 1080 3068 apparebitis
1106 2997 1187 3044 cum

139 3089 217 3184 ipso
242 3087 282 3159 in
305 3086 442 3186 glorio.
495 3087 568 3170 Qui
601 3113 686 3185 ergo
714 3087 750 3159 in
778 3088 959 3186 baptismo
985 3086 1185 3161 secundum

140 3203 300 3276 hominis
330 3203 469 3301 antiqui
497 3217 644 3301 peccata
671 3202 826 3275 earnalia
851 3216 888 3275 et
914 3204 1046 3275 mortui
1073 3217 1109 3275 et
1135 3231 1188 3276 se-

94 3352 129 3414 25
141 3321 233 3421 putri
252 3347 390 3403 sumus,
409 3320 473 3418 qui
491 3321 761 3419 regeneratione
779 3320 916 3392 coelesti
937 3319 1083 3392 Christo
1101 3347 1189 3393 con-

141 3438 372 3526 surreximus,
395 3463 476 3534 quae
502 3449 586 3508 sunt
609 3434 746 3509 Christi
769 3448 806 3507 et
830 3435 1030 3535 cogitemus
1057 3437 1189 3536 pariter

141 3568 178 3628 et
204 3581 382 3654 geramus,
411 3554 504 3626 sicut
532 3551 629 3625 idem
658 3553 841 3652 apostolus
872 3552 978 3628 docet
1006 3580 1124 3627 rursus
1152 3568 1189 3627 et

142 3683 277 3758 monet,
295 3671 440 3743 dicens:
459 3669 612 3742 Primus
629 3669 730 3743 homo
754 3671 797 3744 de
820 3681 925 3744 terre
936 3698 938 3701 ·
949 3669 1045 3758 iimo,
1063 3698 1189 3746 seeun—
1201 3704 1210 3737 1
1223 3689 1278 3738 Cor·
1290 3705 1331 3736 xv·

142 3786 210 3860 dus
227 3787 328 3860 homo
347 3787 390 3859 de
408 3785 506 3859 coelo.
549 3785 683 3863 Qualis
701 3785 766 3859 itte
782 3786 827 3859 de
845 3785 942 3876 limo,
960 3786 1054 3860 tutes
1071 3797 1108 3861 et
1125 3791 1190 3888 qni

94 3904 187 3990 30de
205 3902 309 3987 tirno,-
339 3915 375 3976 et
396 3901 517 4002 qualis
534 3902 700 3988 coelestis,
719 3902 812 3976 tutes
828 3913 864 3976 et
882 3903 1048 3977 scelestes.
1089 3905 1189 3983 Quo-

142 4018 245 4092 modo
268 4020 497 4114 portuvimus
521 4018 719 4117 imaginem
747 4017 912 4118 ejusqui
941 4021 984 4092 de
1014 4019 1099 4093 iimo
1126 4031 1190 4110 est,

137 4145 327 4233 portemus
345 4146 379 4208 et
397 4137 592 4234 imaginem
612 4135 772 4236 ejusqui
789 4134 937 4212 decreto
956 4147 1018 4211 est.
1054 4137 1191 4234 Imagi-

144 4278 226 4325 nem
249 4265 370 4323 autem
390 4252 574 4325 coelestem
595 4267 737 4351 portare
755 4281 826 4327 non
847 4280 1050 4352 possumus,
1067 4255 1134 4328 nisi
1154 4256 1190 4327 in
