2678 4830
41 314 109 386 296
424 316 456 379 S.
476 317 710 381 CYPRIANI

38 516 79 562 ae
98 486 347 560 misericordiae
367 487 502 560 meritis
521 501 715 588 augmenta
731 502 769 562 et
786 488 1023 562 incrementa
1041 513 1101 560 su-

37 604 233 691 mentibus,
257 602 357 675 farris
384 617 420 677 et
445 605 513 676 olei
542 631 624 678 vasa
650 604 832 704 completa
858 617 956 678 sunt.
1014 604 1100 676 Nee

37 721 119 794 filiis
150 720 298 792 abstulit
327 734 441 792 mater
471 720 568 818 quod
596 720 715 794 Heliae
742 720 852 810 dedit,
878 720 944 794 sed
972 720 1097 821 magis

36 837 191 912 eontulit
208 835 291 908 filiis
309 835 405 934 quod
424 837 580 934 benigne
595 853 631 909 et
648 837 708 936 pie
725 836 821 911 fecit.
847 836 898 909 Et
916 836 979 909 illa
1000 862 1096 909 non-

35 953 124 1027 dum
142 953 329 1025 Christum
357 952 504 1039 sciebat,
523 952 685 1025 nondum
712 965 893 1051 praecepta
919 954 1000 1048 ejus
1029 977 1120 1039 atu-5

35 1070 159 1158 dierat,
178 1097 251 1142 nou
279 1096 383 1142 cruce
400 1083 436 1140 et
461 1069 628 1167 passione
651 1069 728 1165 ejus
749 1068 937 1168 redempta
960 1069 1091 1142 cibum

34 1202 72 1259 et
96 1201 223 1286 potum
250 1213 313 1284 pro
340 1186 513 1283 sanguine
536 1185 779 1284 rependebat;
806 1198 848 1257 ut
868 1212 913 1258 ex
935 1185 1007 1260 hoe
1027 1215 1092 1286 ap

33 1317 157 1401 pareat
182 1316 357 1400 quantum
387 1303 423 1374 in
450 1301 601 1374 ecelesia
625 1317 753 1401 peccet
778 1303 838 1400 qui
866 1329 904 1374 se
929 1314 968 1375 et
990 1302 1091 1374 filios

34 1419 179 1492 Christo
206 1434 427 1517 anteponens
453 1417 595 1491 divitias
622 1445 703 1491 suas
731 1431 857 1508 servat,
880 1443 948 1490 nee
974 1418 1091 1517 patri-

36 1537 199 1609 monium
215 1536 400 1635 copiosum
413 1562 496 1608 eum
512 1535 752 1633 indigentium
763 1546 974 1635 paupertate
985 1561 1090 1608 eom-
1103 1567 1138 1606 ιο

35 1655 207 1726 municat.

83 1768 189 1841 XIV.
215 1767 285 1839 Sed
310 1767 407 1840 enim
428 1768 530 1840 multi
551 1782 635 1841 sunt
653 1768 690 1840 in
708 1768 819 1841 domo
836 1766 949 1852 liberi,
968 1781 1007 1840 et
1030 1793 1089 1839 re-

34 1884 150 1957 tardat
176 1899 211 1956 te
238 1884 474 1956 numerositas
502 1883 657 1957 filiorum
687 1912 760 1983 quo
789 1884 907 1957 minus
937 1884 1090 1984 largiter

34 2000 136 2072 bonis
155 2000 323 2099 operibus
342 2000 492 2071 insistas.
531 2000 646 2096 Atqui
667 2001 736 2073 hoe
754 2001 833 2100 ipso
850 1999 988 2099 operari
1008 2027 1088 2075 am-

31 2116 126 2217 plius
144 2116 252 2190 debes
271 2142 344 2213 quo
363 2117 560 2188 multorum
580 2116 772 2216 pignorum
793 2130 958 2214 pateres.
999 2117 1087 2190 Plu·
1100 2150 1133 2210 15

32 2261 86 2307 res
117 2249 201 2307 sunt
232 2260 297 2332 pro
323 2232 453 2330 quibus
480 2233 682 2305 Dominum
710 2233 921 2332 depreceris,
948 2234 1088 2306 multo-

31 2377 111 2424 rum
138 2350 269 2423 delicta
296 2348 505 2422 redimenda
531 2364 625 2434 sunt,
656 2350 851 2423 multorum
884 2349 1084 2448 purgandae

32 2467 273 2555 eonscientiae,
306 2466 501 2538 multorum
535 2465 666 2538 animae
697 2465 901 2539 liberandae.
958 2465 1014 2539 Ut
1043 2468 1084 2540 in

32 2583 101 2657 hae
117 2583 191 2655 vita
214 2582 375 2655 saeculari
399 2581 534 2655 alendis
559 2581 848 2678 sustinendisque
869 2581 1083 2680 pignoribus

32 2725 105 2796 quo
124 2699 239 2796 major
257 2711 311 2770 est
330 2724 513 2787 uumerus,
532 2699 601 2771 hoc
625 2697 739 2794 major
764 2713 800 2771 et
827 2712 995 2798 sumptus
1014 2713 1081 2789 est,
1096 2738 1135 2776 20

31 2814 81 2886 ita
111 2829 147 2887 et
173 2816 210 2887 in
237 2815 310 2887 vita
336 2814 484 2911 spiritali
512 2828 620 2910 atque
647 2816 798 2902 coelesti,
825 2842 898 2913 quo
925 2816 1083 2914 amplior

30 2929 137 3001 fuerit
161 2930 353 3028 pignorum
379 2930 494 3027 copia,
512 2957 588 3001 esse
606 2947 642 3004 et
667 2958 817 3030 operum
839 2932 946 3005 debet
964 2933 1083 3030 major

31 3045 206 3144 impensa.
250 3044 311 3117 Sie
328 3057 364 3117 et
380 3043 456 3116 Job
475 3046 648 3119 sacrificia
666 3075 856 3120 numerosa
873 3074 940 3148 pro
956 3048 1082 3122 liberis

31 3162 221 3247 offerebat;
248 3175 477 3260 quantusque
500 3176 575 3234 erat
598 3163 634 3235 in
660 3164 770 3237 domo
794 3165 986 3263 pignorum
1012 3191 1083 3239 nu-

32 3305 162 3366 merus,
178 3293 300 3353 tantus
326 3280 478 3353 dabatur
502 3279 584 3352 Deo
609 3294 645 3352 et
670 3306 839 3353 uumerus
864 3281 1129 3378 hostiarum.25

30 3396 80 3468 Et
98 3397 270 3492 quoniam
288 3397 449 3494 quotidie
467 3396 588 3468 deesse
611 3424 682 3469 non
701 3410 820 3495 potest
837 3397 933 3494 quod
951 3425 1081 3498 pecce-

30 3525 89 3583 tur
116 3512 154 3582 in
181 3524 376 3609 conspeetu
400 3511 485 3599 Dei,
503 3513 676 3586 sacrificia
693 3512 903 3610 quotidiana
925 3542 995 3587 non
1014 3515 1079 3588 de-

30 3639 141 3714 erant,
158 3624 288 3723 quibus
305 3641 452 3725 possent
470 3642 617 3725 peecata
634 3630 774 3729 tergeri.
817 3633 949 3705 Probat
965 3633 1078 3732 scrip-

29 3756 110 3815 tura
127 3741 248 3815 divina
264 3741 408 3814 diceus:
426 3742 500 3815 Job
518 3743 620 3817 bomo
637 3774 745 3821 verus
763 3758 799 3821 et
802 3748 933 3848 justus
949 3748 1078 3822 lrabeat

14 3857 125 3959 filios
147 3870 282 3956 septem
307 3869 342 3932 et
353 3856 468 3957 filius
490 3871 575 3947 tres,
595 3872 630 3935 et
651 3865 868 3939 emundabat
884 3863 965 3937 illos
988 3862 1074 3966 offe
1086 3900 1128 3959 30

28 4004 115 4051 rens
132 4003 203 4074 pro
230 3977 281 4049 ets·
306 3977 442 4050 hostias
461 3979 544 4051 Deo
565 3983 759 4054 secundum
782 4008 972 4055 numerum
996 3980 1075 4055 illo·

28 4120 122 4183 rum,
140 4104 176 4168 et
191 4095 433 4192 propeccatis
450 4121 571 4169 eorum
588 4097 744 4170 vitulum
762 4124 884 4170 unum.
929 4098 966 4170 Si
989 4124 1075 4196 ergo

28 4236 109 4283 vere
126 4211 219 4283 filios
237 4224 318 4309 tuos
336 4208 466 4308 diligis,
485 4211 514 4284 si
539 4213 589 4285 eis
615 4212 765 4285 exhibes
789 4214 934 4313 plenam
953 4226 991 4286 et
1010 4240 1075 4312 pa-
