2678 4830
155 332 220 397 278
534 329 568 392 S.
586 329 820 392 CYPRIANI

156 502 211 574 lus
229 512 265 572 et
288 498 455 599 objurgat
478 512 514 572 ct
536 500 659 598 culpat
677 500 705 571 si
729 501 791 598 qui
813 498 1069 574 contristentur
1086 502 1122 575 in
1140 527 1206 575 ex·

18 636 256 692 maaiacessu
275 642 441 690 suorum:
469 614 662 702 Nolumus,
681 615 810 713 inquit,
828 617 1003 715 ignorare
1026 644 1097 708 vos,
1107 618 1205 717 fro·

155 745 240 820 tres,
259 733 302 806 de
319 733 588 818 dormientibus,
606 743 648 806 ut
670 759 741 805 non
765 734 1026 806 contristemini
1048 736 1145 808 sicut
1167 746 1205 809 et

154 850 274 924 ceteri
291 849 354 948 qui
369 874 468 945 spem
484 874 556 921 non
573 847 715 921 liabent.
746 848 789 921 Si
806 849 900 920 enim
917 849 1097 923 credimus
1114 851 1203 948 quin

153 967 267 1040 Jesus
284 973 448 1038 mortuus
465 974 519 1037 est
537 975 572 1037 et
586 966 797 1049 resurrexit,
815 965 868 1036 sie
885 975 921 1038 et
937 964 1045 1039 Deus
1064 992 1123 1039 eos
1139 967 1204 1065 qui
1212 992 1229 1052 5

155 1082 383 1156 dormierunt
399 1081 437 1153 in
450 1080 545 1152 «lesu
562 1080 719 1153 adducet
736 1107 816 1154 cum
833 1080 907 1153 illo.
959 1081 1033 1154 Eos
1051 1082 1203 1155 contris-

154 1198 220 1270 tari
245 1197 333 1270 dicit
355 1196 391 1268 in
420 1221 568 1269 excessu
595 1222 741 1270 suorum
760 1197 823 1294 qui
842 1224 941 1297 spem
961 1224 1035 1270 non
1054 1196 1201 1272 habent.

154 1313 227 1397 Qui
253 1325 373 1385 autem
400 1338 464 1410 spe
488 1311 652 1401 vivimus,
676 1324 712 1384 ct
738 1312 774 1385 in
802 1312 926 1385 Deum
950 1312 1142 1403 credimus,
1164 1326 1201 1387 et

154 1428 338 1500 Christum
358 1452 504 1526 passum
522 1453 600 1499 esse
617 1453 681 1525 pro
699 1427 802 1499 nobis
816 1440 851 1500 ct
869 1426 1100 1499 resurrexisse
1114 1454 1202 1501 con-

153 1542 312 1629 fidimus,
329 1541 364 1612 in
383 1540 531 1613 Christo
549 1554 747 1630 manentes,
764 1556 800 1615 et
816 1568 881 1641 per
898 1541 1017 1640 ipsum
1037 1554 1144 1639 atque
1161 1542 1199 1614 in
1213 1575 1249 1614 10

154 1657 233 1757 ipso
259 1670 495 1755 resurgentes,
521 1656 607 1754 quid
635 1670 698 1730 aut
722 1657 791 1756 ipsi
822 1658 987 1731 recedere
1018 1658 1124 1731 istinc
1154 1657 1200 1730 de

153 1772 287 1846 saeculo
309 1773 489 1862 nolumus
511 1787 572 1846 aut
598 1790 739 1847 nostros
766 1774 971 1847 recedentes
995 1775 1097 1872 quasi
1119 1801 1200 1874 per-

153 1889 247 1962 ditos
264 1888 472 1988 plangimus
491 1915 532 1961 ac
545 1888 722 1980 dolemus,
733 1889 812 1988 ipso
826 1890 972 1964 Christo
985 1890 1149 1964 Domino
1162 1904 1199 1964 et

153 2005 236 2078 Deo
262 2019 383 2078 nostro
409 2018 579 2078 monente
606 2032 647 2079 ac
673 2005 837 2080 dicente:
864 2007 948 2106 Ego
972 2034 1052 2080 sum
1075 2034 1198 2081 resur·

150 2124 264 2196 rectio
293 2132 328 2195 et
354 2122 441 2195 nito.
488 2121 566 2200 Qui
590 2123 707 2197 eredit
736 2123 775 2197 in
803 2150 871 2211 me,
898 2122 983 2197 licet
1007 2125 1246 2213 moriatur,15

150 2241 270 2325 oivet‚·
300 2250 336 2314 et
360 2241 474 2313 omnis
499 2241 563 2338 qui
583 2241 674 2314 vivit
698 2250 733 2313 et
757 2241 873 2313 credit
897 2241 938 2312 in
960 2266 1108 2314 menon
1124 2268 1198 2315 mo-

151 2356 270 2430 rietur
302 2357 340 2430 in
373 2358 576 2430 arternum.9
633 2356 673 2428 Si
714 2355 751 2429 in
786 2355 973 2428 Christum
1008 2354 1199 2446 eredimus,

150 2472 260 2546 fidem
287 2473 404 2547 verbis
429 2485 465 2546 et
489 2471 673 2571 promissis
695 2470 771 2568 ejus
797 2471 1005 2560 habeamus,
1023 2499 1095 2544 non
1118 2499 1198 2544 mo-

150 2590 251 2663 rituri
270 2590 306 2662 in
325 2603 520 2674 aeternum;
548 2588 592 2662 ad
607 2588 807 2676 Christum,
820 2614 902 2662 curn
922 2615 995 2687 quo
1013 2601 1048 2662 et
1068 2588 1196 2661 victuri

150 2718 187 2778 et
211 2705 391 2805 regnaturi
419 2731 561 2803 semper
586 2730 723 2791 sumus,
748 2704 831 2778 laeta
861 2704 1050 2778 securitate
1077 2705 1244 2780 venia-20

150 2847 243 2894 mus.
295 2820 403 2903 Quod
430 2821 575 2894 interim
604 2821 789 2911 morimur,
815 2819 859 2893 ad
886 2820 1193 2894 immortalitatem

150 2950 266 3009 morte
282 2937 584 3035 transgredimur3
612 2964 679 3010 nec
695 2949 817 3035 potest
832 2935 905 3009 vita
924 2949 1058 3009 aeterna
1075 2963 1195 3011 succe·

148 3051 244 3143 dere,
261 3053 329 3126 nisi
349 3053 435 3125 hinc
453 3050 644 3150 eontigerit
661 3052 770 3124 exire.
804 3050 891 3124 Non
909 3063 964 3123 est
981 3053 1099 3148 exitus
1118 3053 1196 3144 iste,

150 3168 212 3243 sed
230 3169 411 3256 transitus,
427 3183 463 3243 et
480 3169 670 3267 temporali
688 3167 814 3241 itinere
831 3167 981 3240 decurso
999 3169 1044 3241 ad
1062 3183 1196 3244 aetema

149 3299 400 3387 transgressus.
426 3286 518 3368 Quis
532 3312 605 3359 non
619 3284 662 3359 ad
677 3284 825 3358 meliora
836 3284 998 3358 festinet?
1017 3285 1108 3367 Quis
1122 3314 1195 3359 non
1206 3314 1221 3353 2
1224 3311 1241 3371 5

150 3404 280 3476 mutari
300 3416 337 3476 et
353 3402 596 3476 transformari
614 3401 658 3474 ad
677 3400 812 3474 Christi
830 3402 987 3499 speciem
1005 3414 1041 3474 et
1059 3402 1103 3476 ad
1121 3429 1197 3476 coe-

150 3517 249 3591 lestis
270 3517 392 3615 gloriae
409 3516 622 3616 dignitatem
642 3517 763 3590 venire
780 3516 886 3591 citius
904 3530 1063 3616 exoptet,
1082 3519 1195 3592 Paulo

0 3659 91 3724 intpp.
105 3658 139 3708 nr
150 3633 313 3732 apostolo
336 3631 553 3732 praedicante
570 3643 607 3705 et
623 3630 788 3706 dicente:
816 3633 958 3707 Nostro
974 3644 1097 3707 autem
1115 3660 1196 3708 con-

147 3748 316 3838 versatio,
333 3746 463 3845 inquit,
480 3747 518 3820 in
543 3745 644 3819 coelis
667 3756 731 3833 est,
749 3749 845 3822 unde
862 3759 897 3821 et
913 3747 1115 3823 Dominum
1135 3776 1196 3823 erc-

142 3875 335 3962 pectamus
349 3862 479 3937 Jesum
508 3861 705 3952 Christum,
727 3865 790 3963 qui
811 3861 1092 3964 transformabit
1116 3892 1243 3954 cor-30

142 4008 216 4079 pus
238 3979 456 4054 humilitatis
480 3989 610 4052 nostre
633 3976 898 4079 corfformutum
922 3982 1063 4078 corpori
1085 3981 1196 4057 cluri-
1245 3965 1249 3970 ⁸

147 4100 237 4172 totis
252 4099 355 4171 sue?
389 4095 495 4169 Tales
516 4122 581 4169 nos
601 4095 741 4170 futuros
763 4110 800 4170 et
818 4096 984 4170 Christus
1007 4097 1193 4173 Dominus

146 4214 349 4312 pollicetur,
366 4211 511 4310 quando
530 4225 571 4286 ut
587 4238 671 4288 curn
690 4212 753 4287 illo
769 4211 894 4301 simus,
913 4225 1051 4289 etcum
1072 4215 1135 4289 illo
1156 4215 1194 4289 in
