2678 4830
354 295 418 357 DE
443 293 843 360 PRAESCRIPTIONE
866 297 995 362 HAER.
1132 301 1195 364 141

150 463 372 556 credebatur,
394 462 449 540 'tot
471 467 586 540 millia
611 467 766 542 millium
788 497 976 570 perperam
997 470 1121 562 tincta,
1142 485 1198 547 tot

149 608 258 681 opera
280 580 363 654 fidei
384 608 571 682 perperam
596 584 853 673 administrata,
880 599 935 659 tot
957 587 1118 678 virtutes,
1143 600 1198 661 tot

148 697 365 771 charismata
379 725 564 799 perperam
579 712 735 798 operata,
747 712 802 773 tot
815 701 1021 793 sacerdotia,
1030 715 1086 776 tot
1104 703 1197 776 min-

148 811 268 886 isteria
285 840 473 913 perperam
493 815 639 900 functa;
666 827 721 888 tot
738 815 894 913 denique
921 818 1093 916 martyria
1116 846 1198 919 per-

119 954 270 1029 speram
289 944 469 1004 coronata.
521 931 597 1003 Aut
621 932 649 1003 si
673 957 747 1003 non
770 959 972 1031 perperam,
989 960 1056 1005 nec
1078 934 1116 1005 in
1137 961 1197 1006 va·

148 1072 274 1132 cuum;
294 1048 400 1144 quale
417 1058 529 1119 estut
547 1060 704 1120 auteres
721 1047 792 1120 Dei
807 1060 999 1138 currerent,
1009 1074 1118 1145 quam
1134 1076 1197 1123 cu·

141 1162 202 1260 jus
225 1162 296 1235 Dei
321 1178 447 1237 notum
473 1163 588 1236 esset?
615 1176 698 1235 ante
715 1163 923 1249 Christiani,
942 1191 1050 1261 quarn
1071 1165 1195 1239 Chris-

146 1294 204 1352 tus
234 1280 424 1352 inveutus?
459 1291 542 1352 ante
571 1279 727 1369 haeresis,
756 1306 865 1376 quam
897 1306 980 1354 vera
1008 1279 1194 1355 doctrina?

143 1396 218 1470 Sed
244 1397 340 1469 enim
369 1396 406 1468 in
429 1396 598 1469 omnibus
623 1397 750 1471 veritas
772 1396 967 1495 imaginem
993 1398 1193 1472 antecedit:

100 1542 136 1582 10
145 1527 228 1613 post
258 1540 335 1586 rem
367 1512 566 1586 similitudo
596 1513 767 1587 succedit.
821 1513 992 1587 Ceterum
1024 1514 1108 1588 satis
1139 1515 1277 1588 iu-Matt.
1289 1534 1333 1582 xxi

145 1644 284 1731 eptum,
306 1643 347 1703 ut
372 1630 469 1728 prior
495 1629 532 1702 in
553 1627 652 1730 (for.
675 1629 749 1727 illa)
772 1628 935 1703 doctrina
961 1630 1104 1705 haeresis
1130 1633 1195 1705 ha-

145 1750 293 1833 beatur3
319 1747 376 1819 vel
400 1745 571 1844 quoniam
598 1746 675 1845 ipsa
696 1759 761 1836 est,
779 1773 859 1843 quae
881 1745 1019 1820 futuras
1042 1747 1192 1822 haereses

144 1861 320 1937 cavendas
338 1861 612 1962 praenuntiabat.
642 1861 701 1934 Ad
719 1862 796 1959 ejus
814 1861 985 1935 doctrinae
1003 1863 1191 1938 ecclesiam

143 1979 319 2077 scriptum
334 1990 398 2066 est,
413 1978 527 2050 immo
544 1977 623 2077 ipsa
640 1977 805 2050 doctrina
822 1977 867 2051 ad
886 1978 1074 2052 ecclesiam
1088 2005 1189 2052 suam

98 2123 131 2184 15
144 2095 289 2168 scribit:
317 2094 372 2169 Er
391 2094 425 2168 si
447 2094 602 2195 augelus
624 2095 667 2168 de
684 2094 772 2168 coelo
790 2094 900 2168 aliter
918 2095 1255 2195 evangelizare-sa
1267 2112 1284 2162 i·

142 2212 195 2285 rit
212 2213 307 2286 citra
325 2237 434 2311 quum
450 2238 526 2297 nos,
544 2212 816 2286 anathemaret.

202 2329 278 2402 Ubi
309 2342 398 2403 tunc
428 2329 608 2420 Marcion,
637 2329 805 2403 Ponticus
832 2330 1032 2419 nauclerus
1058 2328 1188 2407 Stoicae
1236 2347 1319 2398 cae.

143 2445 347 2520 studiosus?
390 2446 453 2520 ubi
495 2445 721 2533 Valentinus,
768 2446 962 2520 Platonicae
1010 2447 1188 2520 sectator?
1235 2414 1321 2465 ω’

140 2562 239 2637 Nam
258 2577 399 2638 constat
416 2565 508 2653 illos,
526 2590 643 2661 neque
662 2561 751 2635 adeo
768 2563 856 2635 olim
873 2562 994 2653 fuisse,
1011 2562 1187 2637 Antonini

94 2680 214 2754 aofere
242 2680 460 2781 principatu,
489 2694 526 2753 et
556 2680 591 2752 in
622 2677 809 2752 catholicae
839 2678 958 2778 primo
985 2678 1185 2753 doctrinam

140 2798 330 2872 credidisse
348 2797 443 2897 apud
467 2796 654 2871 ecclesiam
678 2795 945 2868 Romanensem
964 2797 1032 2869 sub
1049 2797 1188 2896 episco-

139 2927 227 3015 patu
252 2914 440 2988 Eleutheri
464 2912 655 3003 benedicti,
672 2911 788 2986 donee
805 2914 852 2985 ob
870 2912 1067 3010 inquietam
1092 2940 1187 2986 sem·

138 3059 203 3131 per
227 3058 350 3105 eorum
379 3029 634 3120 curiositatem,
660 3058 732 3129 qua
758 3031 883 3104 fratres
913 3056 1058 3128 quoque
1083 3029 1187 3103 vitia-

138 3150 238 3237 bant,
256 3148 367 3221 semel
386 3161 423 3220 et
442 3149 571 3221 iterum
591 3147 708 3244 ejecti,
727 3147 911 3249 (Marcion
929 3146 1077 3243 quidem
1099 3172 1184 3219 cum

93 3290 126 3351 25
139 3263 301 3339 ducentis
320 3263 502 3355 sestertiis,
516 3291 597 3363 quae
615 3254 774 3337 ecclesiae
793 3264 975 3360 intulerat)
991 3262 1185 3336 novissime

138 3381 175 3453 in
200 3393 415 3480 perpetuum
443 3380 636 3455 discidium
663 3380 823 3478 relegati,
843 3406 981 3452 venena
1007 3379 1186 3453 doctrina·

137 3523 217 3570 rum
249 3524 394 3570 suarum
424 3496 759 3570 disseminaverunt.
819 3495 1056 3568 Postmodum
1086 3494 1183 3569 idem

137 3615 301 3689 Marcion
320 3614 575 3714 poenitentiam
596 3612 789 3698 confessus,
803 3639 888 3684 cum
907 3612 1104 3685 conditioni
1123 3612 1185 3685 da-

135 3744 182 3804 tae
198 3733 265 3804 sibi
279 3731 444 3818 occurrit,
458 3730 508 3802 ita
521 3757 648 3829 pacem
665 3741 884 3828 recepturus,
899 3729 926 3801 si
943 3742 1078 3802 ceteros
1092 3755 1182 3827 quos

86 3846 325 3947 goperditioni
344 3844 529 3932 erudisset,
547 3844 707 3918 ecclesiae
724 3843 937 3933 restitueret,
956 3858 1071 3917 morte
1092 3870 1183 3943 prae-

133 3978 262 4038 ventus
279 3976 342 4036 est.
370 3963 572 4061 Oportebat
588 3960 683 4035 enim
703 3961 854 4034 haereses
873 3987 960 4051 esse,
973 3988 1041 4034 nec
1058 3974 1178 4034 tamen
1191 3996 1201 4030 1
1214 3982 1269 4033 eor.
1280 3983 1314 4034 xi.

135 4083 215 4155 ideo
233 4084 368 4155 bonum
388 4079 551 4168 haereses,
569 4079 654 4177 quia
671 4105 730 4152 eas
747 4105 824 4151 esse
840 4078 1039 4177 oportebat.
1066 4076 1181 4160 Quasi

134 4226 207 4272 non
223 4213 261 4272 et
283 4200 421 4272 malum
442 4196 640 4300 oportuerit
657 4222 745 4268 esse.
797 4193 896 4269 Nam
915 4206 952 4266 et
974 4193 1179 4267 Dominum
