<?xml version="1.0" encoding="UTF-8"?>
<!DOCTYPE html PUBLIC "-//W3C//DTD XHTML 1.0 Transitional//EN"
    "http://www.w3.org/TR/xhtml1/DTD/xhtml1-transitional.dtd">
<html xmlns="http://www.w3.org/1999/xhtml" xml:lang="en" lang="en">
 <head>
  <title>
</title>
<meta http-equiv="Content-Type" content="text/html;charset=utf-8" />
  <meta name='ocr-system' content='tesseract 3.04.00' />
  <meta name='ocr-capabilities' content='ocr_page ocr_carea ocr_par ocr_line ocrx_word'/>
</head>
<body>
  <div class='ocr_page' id='page_1' title='image "./scriptorumeccle00unkngoog_0214.png"; bbox 0 0 2678 4830; ppageno 0'>
   <div class='ocr_carea' id='block_1_1' title="bbox 234 341 1196 415">
    <p class='ocr_par' dir='ltr' id='par_1_1' title="bbox 234 341 1196 415">
     <span class='ocr_line' id='line_1_1' title="bbox 234 341 1196 415; baseline 0.001 -6"><span class='ocrx_word' id='word_1_1' title='bbox 234 346 286 409; x_wconf 94' lang='lat' dir='ltr'>IN</span> <span class='ocrx_word' id='word_1_2' title='bbox 303 344 549 409; x_wconf 84' lang='lat' dir='ltr'><strong>TERTULL.</strong></span> <span class='ocrx_word' id='word_1_3' title='bbox 565 342 629 408; x_wconf 88' lang='lat' dir='ltr'>DE</span> <span class='ocrx_word' id='word_1_4' title='bbox 647 343 939 408; x_wconf 84' lang='lat' dir='ltr'><strong>PRAESCRIPT.</strong></span> <span class='ocrx_word' id='word_1_5' title='bbox 957 345 1079 409; x_wconf 83' lang='lat' dir='ltr'>HAER.</span> <span class='ocrx_word' id='word_1_6' title='bbox 1125 341 1196 415; x_wconf 77' lang='lat'>195&#39;</span> 
     </span>
    </p>
   </div>
   <div class='ocr_carea' id='block_1_2' title="bbox 141 513 1196 3696">
    <p class='ocr_par' dir='ltr' id='par_1_2' title="bbox 141 513 1189 1439">
     <span class='ocr_line' id='line_1_2' title="bbox 144 513 1187 603; baseline 0 -23"><span class='ocrx_word' id='word_1_7' title='bbox 144 516 277 603; x_wconf 86' lang='lat' dir='ltr'>Hygino</span> <span class='ocrx_word' id='word_1_8' title='bbox 298 529 329 579; x_wconf 89' lang='lat' dir='ltr'>et</span> <span class='ocrx_word' id='word_1_9' title='bbox 351 514 486 579; x_wconf 86' lang='lat' dir='ltr'>Aniceto</span> <span class='ocrx_word' id='word_1_10' title='bbox 508 513 671 601; x_wconf 79' lang='lat' dir='ltr'>episcopiS,</span> <span class='ocrx_word' id='word_1_11' title='bbox 695 515 839 579; x_wconf 85' lang='lat' dir='ltr'><strong>Marcion</strong></span> <span class='ocrx_word' id='word_1_12' title='bbox 861 537 936 579; x_wconf 83' lang='lat' dir='ltr'>vero</span> <span class='ocrx_word' id='word_1_13' title='bbox 959 515 1019 579; x_wconf 91' lang='lat' dir='ltr'>sub</span> <span class='ocrx_word' id='word_1_14' title='bbox 1041 514 1187 596; x_wconf 85' lang='lat' dir='ltr'>Aniceto,</span> 
     </span>
     <span class='ocr_line' id='line_1_3' title="bbox 144 601 1187 678; baseline 0.001 -13"><span class='ocrx_word' id='word_1_15' title='bbox 144 604 252 666; x_wconf 87' lang='lat' dir='ltr'>Sotere</span> <span class='ocrx_word' id='word_1_16' title='bbox 263 615 294 666; x_wconf 92' lang='lat' dir='ltr'>et</span> <span class='ocrx_word' id='word_1_17' title='bbox 308 601 492 678; x_wconf 87' lang='lat' dir='ltr'>Eleuthero,</span> <span class='ocrx_word' id='word_1_18' title='bbox 505 616 542 665; x_wconf 91' lang='lat' dir='ltr'>ut</span> <span class='ocrx_word' id='word_1_19' title='bbox 555 614 675 665; x_wconf 91' lang='lat' dir='ltr'>constat</span> <span class='ocrx_word' id='word_1_20' title='bbox 691 624 729 664; x_wconf 88' lang='lat' dir='ltr'>ex</span> <span class='ocrx_word' id='word_1_21' title='bbox 746 603 868 666; x_wconf 86' lang='lat' dir='ltr'>Irenaeo</span> <span class='ocrx_word' id='word_1_22' title='bbox 881 601 936 665; x_wconf 88' lang='lat' dir='ltr'>lib.</span> <span class='ocrx_word' id='word_1_23' title='bbox 949 603 1020 666; x_wconf 91' lang='lat' dir='ltr'><strong>III.</strong></span> <span class='ocrx_word' id='word_1_24' title='bbox 1037 602 1187 667; x_wconf 89' lang='lat' dir='ltr'>adversus</span> 
     </span>
     <span class='ocr_line' id='line_1_4' title="bbox 143 686 1188 774; baseline 0.001 -23"><span class='ocrx_word' id='word_1_25' title='bbox 143 689 300 765; x_wconf 89' lang='lat' dir='ltr'>Haereses,</span> <span class='ocrx_word' id='word_1_26' title='bbox 323 703 355 752; x_wconf 89' lang='lat' dir='ltr'>et</span> <span class='ocrx_word' id='word_1_27' title='bbox 376 686 517 752; x_wconf 88' lang='lat' dir='ltr'>Eusebio</span> <span class='ocrx_word' id='word_1_28' title='bbox 537 687 592 751; x_wconf 91' lang='lat' dir='ltr'>lib.</span> <span class='ocrx_word' id='word_1_29' title='bbox 608 689 668 751; x_wconf 92' lang='lat' dir='ltr'>IV.</span> <span class='ocrx_word' id='word_1_30' title='bbox 692 687 779 752; x_wconf 89' lang='lat' dir='ltr'>Hist.</span> <span class='ocrx_word' id='word_1_31' title='bbox 803 687 922 752; x_wconf 88' lang='lat' dir='ltr'>Eccles.</span> <span class='ocrx_word' id='word_1_32' title='bbox 949 711 1022 773; x_wconf 85' lang='lat' dir='ltr'>quae</span> <span class='ocrx_word' id='word_1_33' title='bbox 1047 701 1188 774; x_wconf 90' lang='lat' dir='ltr'>tempora</span> 
     </span>
     <span class='ocr_line' id='line_1_5' title="bbox 143 772 1188 861; baseline 0.002 -24"><span class='ocrx_word' id='word_1_34' title='bbox 143 773 360 838; x_wconf 83' lang='lat' dir='ltr'>Tertullianus</span> <span class='ocrx_word' id='word_1_35' title='bbox 374 773 440 860; x_wconf 90' lang='lat' dir='ltr'>ipse</span> <span class='ocrx_word' id='word_1_36' title='bbox 454 772 663 861; x_wconf 87' lang='lat' dir='ltr'>proculdubio</span> <span class='ocrx_word' id='word_1_37' title='bbox 674 772 804 839; x_wconf 89' lang='lat' dir='ltr'>viderat.</span> <span class='ocrx_word' id='word_1_38' title='bbox 829 776 987 838; x_wconf 84' lang='lat' dir='ltr'>Caeterum</span> <span class='ocrx_word' id='word_1_39' title='bbox 998 773 1069 837; x_wconf 87' lang='lat' dir='ltr'>libri</span> <span class='ocrx_word' id='word_1_40' title='bbox 1080 797 1188 839; x_wconf 90' lang='lat' dir='ltr'>omnes</span> 
     </span>
     <span class='ocr_line' id='line_1_6' title="bbox 142 859 1187 946; baseline 0.003 -24"><span class='ocrx_word' id='word_1_41' title='bbox 142 859 208 923; x_wconf 90' lang='lat' dir='ltr'>sine</span> <span class='ocrx_word' id='word_1_42' title='bbox 230 859 467 946; x_wconf 83' lang='lat' dir='ltr'>transpositione</span> <span class='ocrx_word' id='word_1_43' title='bbox 489 882 553 923; x_wconf 92' lang='lat' dir='ltr'>uno</span> <span class='ocrx_word' id='word_1_44' title='bbox 574 882 725 923; x_wconf 86' lang='lat' dir='ltr'>consensu</span> <span class='ocrx_word' id='word_1_45' title='bbox 747 859 776 922; x_wconf 92' lang='lat' dir='ltr'>le</span> <span class='ocrx_word' id='word_1_46' title='bbox 800 873 868 937; x_wconf 93' lang='lat' dir='ltr'>unt,</span> <span class='ocrx_word' id='word_1_47' title='bbox 886 859 1005 946; x_wconf 88' lang='lat' dir='ltr'>“apud</span> <span class='ocrx_word' id='word_1_48' title='bbox 1029 859 1187 925; x_wconf 89' lang='lat' dir='ltr'>ecclesiam</span> 
     </span>
     <span class='ocr_line' id='line_1_7' title="bbox 142 883 1188 1033; baseline 0.003 -24"><span class='ocrx_word' id='word_1_49' title='bbox 142 955 164 984; x_wconf 79' lang='lat'>‘⁶</span> <span class='ocrx_word' id='word_1_50' title='bbox 179 946 404 1009; x_wconf 82' lang='lat' dir='ltr'>Romanensem</span> <span class='ocrx_word' id='word_1_51' title='bbox 419 946 478 1009; x_wconf 92' lang='lat' dir='ltr'>sub</span> <span class='ocrx_word' id='word_1_52' title='bbox 493 945 673 1033; x_wconf 88' lang='lat' dir='ltr'>episcopatu</span> <span class='ocrx_word' id='word_1_53' title='bbox 685 883 850 1009; x_wconf 62' lang='lat' dir='ltr'>Eleutberi</span> <span class='ocrx_word' id='word_1_54' title='bbox 859 945 1024 1023; x_wconf 89' lang='lat' dir='ltr'>benedicti,</span> <span class='ocrx_word' id='word_1_55' title='bbox 1037 945 1136 1011; x_wconf 92' lang='lat' dir='ltr'>donec</span> <span class='ocrx_word' id='word_1_56' title='bbox 1146 947 1188 1012; x_wconf 94' lang='lat' dir='ltr'>ob</span> 
     </span>
     <span class='ocr_line' id='line_1_8' title="bbox 143 1031 1189 1118; baseline 0.003 -24"><span class='ocrx_word' id='word_1_57' title='bbox 143 1031 348 1117; x_wconf 88' lang='lat' dir='ltr'>“inquietam</span> <span class='ocrx_word' id='word_1_58' title='bbox 368 1055 490 1118; x_wconf 86' lang='lat' dir='ltr'>semper</span> <span class='ocrx_word' id='word_1_59' title='bbox 506 1054 615 1096; x_wconf 88' lang='lat' dir='ltr'>eorum</span> <span class='ocrx_word' id='word_1_60' title='bbox 634 1031 842 1096; x_wconf 88' lang='lat' dir='ltr'>curiositatem</span> <span class='ocrx_word' id='word_1_61' title='bbox 858 1032 932 1094; x_wconf 79' lang='lat' dir='ltr'>&amp;c.&#39;&#39;</span> <span class='ocrx_word' id='word_1_62' title='bbox 946 1054 1048 1117; x_wconf 91' lang='lat' dir='ltr'>neque</span> <span class='ocrx_word' id='word_1_63' title='bbox 1062 1032 1189 1097; x_wconf 88' lang='lat' dir='ltr'>videtur</span> 
     </span>
     <span class='ocr_line' id='line_1_9' title="bbox 141 1117 1187 1215; baseline 0.002 -33"><span class='ocrx_word' id='word_1_64' title='bbox 141 1117 341 1205; x_wconf 86' lang='lat' dir='ltr'>transpositio</span> <span class='ocrx_word' id='word_1_65' title='bbox 359 1118 539 1182; x_wconf 89' lang='lat' dir='ltr'>necessaria.</span> <span class='ocrx_word' id='word_1_66' title='bbox 585 1119 668 1180; x_wconf 90' lang='lat' dir='ltr'>Nam</span> <span class='ocrx_word' id='word_1_67' title='bbox 689 1117 834 1181; x_wconf 92' lang='lat' dir='ltr'>ultimum</span> <span class='ocrx_word' id='word_1_68' title='bbox 850 1117 977 1215; x_wconf 84' lang='lat' dir='ltr'>quidem</span> <span class='ocrx_word' id='word_1_69' title='bbox 992 1132 1118 1204; x_wconf 91' lang='lat' dir='ltr'>tempus</span> <span class='ocrx_word' id='word_1_70' title='bbox 1131 1142 1187 1184; x_wconf 87' lang='lat' dir='ltr'>ex·</span> 
     </span>
     <span class='ocr_line' id='line_1_10' title="bbox 141 1202 1187 1302; baseline 0.002 -36"><span class='ocrx_word' id='word_1_71' title='bbox 141 1204 230 1302; x_wconf 91' lang='lat' dir='ltr'>ponit</span> <span class='ocrx_word' id='word_1_72' title='bbox 251 1219 359 1268; x_wconf 86' lang='lat' dir='ltr'>auctor</span> <span class='ocrx_word' id='word_1_73' title='bbox 373 1228 437 1290; x_wconf 93' lang='lat' dir='ltr'>quo</span> <span class='ocrx_word' id='word_1_74' title='bbox 456 1204 586 1267; x_wconf 87' lang='lat' dir='ltr'>fuerunt</span> <span class='ocrx_word' id='word_1_75' title='bbox 603 1203 653 1267; x_wconf 92' lang='lat' dir='ltr'>isti</span> <span class='ocrx_word' id='word_1_76' title='bbox 673 1205 797 1282; x_wconf 84' lang='lat' dir='ltr'>Romae,</span> <span class='ocrx_word' id='word_1_77' title='bbox 810 1227 885 1290; x_wconf 81' lang='lat' dir='ltr'>quia</span> <span class='ocrx_word' id='word_1_78' title='bbox 904 1202 944 1267; x_wconf 91' lang='lat' dir='ltr'>ad</span> <span class='ocrx_word' id='word_1_79' title='bbox 964 1219 1187 1290; x_wconf 84' lang='lat' dir='ltr'>argumentum</span> 
     </span>
     <span class='ocr_line' id='line_1_11' title="bbox 141 1289 1186 1439; baseline 0.003 -86"><span class='ocrx_word' id='word_1_80' title='bbox 141 1289 239 1439; x_wconf 51' lang='lat' dir='ltr'>{psius</span> <span class='ocrx_word' id='word_1_81' title='bbox 254 1289 440 1376; x_wconf 88' lang='lat' dir='ltr'>pertinebat,</span> <span class='ocrx_word' id='word_1_82' title='bbox 457 1290 510 1354; x_wconf 88' lang='lat' dir='ltr'>sed</span> <span class='ocrx_word' id='word_1_83' title='bbox 530 1312 591 1353; x_wconf 94' lang='lat' dir='ltr'>non</span> <span class='ocrx_word' id='word_1_84' title='bbox 613 1304 779 1376; x_wconf 87' lang='lat' dir='ltr'>propterea</span> <span class='ocrx_word' id='word_1_85' title='bbox 796 1304 937 1376; x_wconf 89' lang='lat' dir='ltr'>tempora</span> <span class='ocrx_word' id='word_1_86' title='bbox 952 1304 1045 1376; x_wconf 89' lang='lat' dir='ltr'>negat</span> <span class='ocrx_word' id='word_1_87' title='bbox 1060 1305 1186 1356; x_wconf 82' lang='lat' dir='ltr'>antece·</span> 
     </span>
    </p>

    <p class='ocr_par' dir='ltr' id='par_1_3' title="bbox 142 1375 1187 1549">
     <span class='ocr_line' id='line_1_12' title="bbox 165 1375 1187 1462; baseline 0.002 -23"><span class='ocrx_word' id='word_1_88' title='bbox 165 1375 258 1454; x_wconf 85' lang='lat' dir='ltr'>entia,</span> <span class='ocrx_word' id='word_1_89' title='bbox 285 1375 340 1462; x_wconf 90' lang='lat' dir='ltr'>qui</span> <span class='ocrx_word' id='word_1_90' title='bbox 363 1375 531 1440; x_wconf 89' lang='lat' dir='ltr'>terminum</span> <span class='ocrx_word' id='word_1_91' title='bbox 557 1397 657 1439; x_wconf 90' lang='lat' dir='ltr'>unum</span> <span class='ocrx_word' id='word_1_92' title='bbox 680 1375 800 1452; x_wconf 87' lang='lat' dir='ltr'>definit,</span> <span class='ocrx_word' id='word_1_93' title='bbox 826 1390 955 1440; x_wconf 87' lang='lat' dir='ltr'>caeteros</span> <span class='ocrx_word' id='word_1_94' title='bbox 979 1390 1036 1440; x_wconf 90' lang='lat' dir='ltr'>aut</span> <span class='ocrx_word' id='word_1_95' title='bbox 1059 1376 1187 1454; x_wconf 90' lang='lat' dir='ltr'>omittit,</span> 
     </span>
     <span class='ocr_line' id='line_1_13' title="bbox 142 1459 920 1549; baseline -0.001 -24"><span class='ocrx_word' id='word_1_96' title='bbox 142 1475 196 1525; x_wconf 91' lang='lat' dir='ltr'>aut</span> <span class='ocrx_word' id='word_1_97' title='bbox 211 1461 434 1549; x_wconf 89' lang='lat' dir='ltr'>comprehendi</span> <span class='ocrx_word' id='word_1_98' title='bbox 449 1462 518 1527; x_wconf 91' lang='lat' dir='ltr'>vult</span> <span class='ocrx_word' id='word_1_99' title='bbox 532 1467 755 1544; x_wconf 81' lang='grc' dir='ltr'>συνεκδοχικῶς.</span> <span class='ocrx_word' id='word_1_100' title='bbox 780 1464 803 1525; x_wconf 82' lang='lat' dir='ltr'>J</span> <span class='ocrx_word' id='word_1_101' title='bbox 806 1459 920 1526; x_wconf 78' lang='lat' dir='ltr'>nurus.</span> 
     </span>
    </p>

    <p class='ocr_par' dir='ltr' id='par_1_4' title="bbox 142 1547 1196 1979">
     <span class='ocr_line' id='line_1_14' title="bbox 187 1547 1196 1634; baseline 0.002 -23"><span class='ocrx_word' id='word_1_102' title='bbox 187 1549 224 1611; x_wconf 88' lang='grc' dir='ltr'>Ρ.</span> <span class='ocrx_word' id='word_1_103' title='bbox 244 1569 315 1629; x_wconf 84' lang='lat'>141.</span> <span class='ocrx_word' id='word_1_104' title='bbox 338 1548 360 1611; x_wconf 87' lang='lat' dir='ltr'>l.</span> <span class='ocrx_word' id='word_1_105' title='bbox 377 1568 428 1634; x_wconf 78' lang='lat'>23.</span> <span class='ocrx_word' id='word_1_106' title='bbox 452 1571 517 1634; x_wconf 91' lang='lat' dir='ltr'>qua</span> <span class='ocrx_word' id='word_1_107' title='bbox 537 1548 649 1611; x_wconf 88' lang='lat' dir='ltr'>fratres</span> <span class='ocrx_word' id='word_1_108' title='bbox 671 1571 798 1633; x_wconf 89' lang='lat' dir='ltr'>qnoque</span> <span class='ocrx_word' id='word_1_109' title='bbox 820 1547 985 1633; x_wconf 88' lang='lat' dir='ltr'>vitiabant]</span> <span class='ocrx_word' id='word_1_110' title='bbox 1011 1549 1106 1612; x_wconf 92' lang='lat' dir='ltr'>Hanc</span> <span class='ocrx_word' id='word_1_111' title='bbox 1128 1547 1196 1613; x_wconf 79' lang='grc' dir='ltr'>Ιθο-Ι</span> 
     </span>
     <span class='ocr_line' id='line_1_15' title="bbox 143 1632 1185 1720; baseline 0.002 -24"><span class='ocrx_word' id='word_1_112' title='bbox 143 1632 257 1697; x_wconf 89' lang='lat' dir='ltr'>tionem</span> <span class='ocrx_word' id='word_1_113' title='bbox 273 1633 556 1720; x_wconf 88' lang='lat' dir='ltr'>Anterigaltianam</span> <span class='ocrx_word' id='word_1_114' title='bbox 579 1656 651 1697; x_wconf 93' lang='lat' dir='ltr'>cum</span> <span class='ocrx_word' id='word_1_115' title='bbox 673 1635 768 1719; x_wconf 92' lang='lat' dir='ltr'>Lupo</span> <span class='ocrx_word' id='word_1_116' title='bbox 788 1647 883 1720; x_wconf 89' lang='lat' dir='ltr'>atque</span> <span class='ocrx_word' id='word_1_117' title='bbox 905 1634 1078 1698; x_wconf 90' lang='lat' dir='ltr'>Thomasio</span> <span class='ocrx_word' id='word_1_118' title='bbox 1097 1657 1185 1698; x_wconf 90' lang='lat' dir='ltr'>revo-</span> 
     </span>
     <span class='ocr_line' id='line_1_16' title="bbox 142 1719 1188 1810; baseline 0.002 -28"><span class='ocrx_word' id='word_1_119' title='bbox 142 1719 218 1783; x_wconf 87' lang='lat' dir='ltr'>cavi.</span> <span class='ocrx_word' id='word_1_120' title='bbox 258 1719 418 1810; x_wconf 84' lang='lat' dir='ltr'>Rigaltius</span> <span class='ocrx_word' id='word_1_121' title='bbox 432 1721 514 1784; x_wconf 92' lang='lat' dir='ltr'>enim</span> <span class='ocrx_word' id='word_1_122' title='bbox 530 1719 636 1792; x_wconf 85' lang='lat' dir='ltr'>verba,</span> <span class='ocrx_word' id='word_1_123' title='bbox 652 1741 745 1806; x_wconf 84' lang='lat' dir='ltr'>qaam</span> <span class='ocrx_word' id='word_1_124' title='bbox 799 1729 885 1784; x_wconf 81' lang='lat' dir='ltr'>atres</span> <span class='ocrx_word' id='word_1_125' title='bbox 898 1741 1017 1807; x_wconf 75' lang='lat' dir='ltr'>qaoque</span> <span class='ocrx_word' id='word_1_126' title='bbox 1033 1722 1188 1801; x_wconf 79' lang='lat' dir='ltr'>vitabant,</span> 
     </span>
     <span class='ocr_line' id='line_1_17' title="bbox 143 1805 1187 1895; baseline 0.002 -27"><span class='ocrx_word' id='word_1_127' title='bbox 143 1805 329 1892; x_wconf 88' lang='lat' dir='ltr'>exemplaris</span> <span class='ocrx_word' id='word_1_128' title='bbox 343 1820 403 1871; x_wconf 90' lang='lat' dir='ltr'>vet.</span> <span class='ocrx_word' id='word_1_129' title='bbox 425 1807 488 1870; x_wconf 86' lang='lat' dir='ltr'>fide</span> <span class='ocrx_word' id='word_1_130' title='bbox 508 1817 675 1895; x_wconf 81' lang='lat' dir='ltr'>posuerat3</span> <span class='ocrx_word' id='word_1_131' title='bbox 698 1805 739 1868; x_wconf 94' lang='lat' dir='ltr'>ad</span> <span class='ocrx_word' id='word_1_132' title='bbox 763 1829 818 1870; x_wconf 92' lang='lat' dir='ltr'>ens</span> <span class='ocrx_word' id='word_1_133' title='bbox 838 1821 954 1882; x_wconf 90' lang='lat' dir='ltr'>tamen,</span> <span class='ocrx_word' id='word_1_134' title='bbox 976 1829 1008 1869; x_wconf 86' lang='lat' dir='ltr'>se</span> <span class='ocrx_word' id='word_1_135' title='bbox 1025 1805 1104 1869; x_wconf 92' lang='lat' dir='ltr'>illud</span> <span class='ocrx_word' id='word_1_136' title='bbox 1124 1829 1187 1871; x_wconf 90' lang='lat' dir='ltr'>non</span> 
     </span>
     <span class='ocr_line' id='line_1_18' title="bbox 143 1891 1143 1979; baseline 0.002 -25"><span class='ocrx_word' id='word_1_137' title='bbox 143 1892 208 1955; x_wconf 90' lang='lat' dir='ltr'>sine</span> <span class='ocrx_word' id='word_1_138' title='bbox 224 1892 342 1956; x_wconf 90' lang='lat' dir='ltr'>ratione</span> <span class='ocrx_word' id='word_1_139' title='bbox 356 1893 513 1978; x_wconf 87' lang='lat' dir='ltr'>praeferre,</span> <span class='ocrx_word' id='word_1_140' title='bbox 530 1892 616 1979; x_wconf 89' lang='lat' dir='ltr'>quod</span> <span class='ocrx_word' id='word_1_141' title='bbox 630 1891 662 1954; x_wconf 89' lang='lat' dir='ltr'>in</span> <span class='ocrx_word' id='word_1_142' title='bbox 677 1891 901 1955; x_wconf 89' lang='lat' dir='ltr'>recentioribus</span> <span class='ocrx_word' id='word_1_143' title='bbox 915 1891 1002 1955; x_wconf 88' lang='lat' dir='ltr'>libris</span> <span class='ocrx_word' id='word_1_144' title='bbox 1015 1892 1143 1978; x_wconf 86' lang='lat' dir='ltr'>legitur.</span> 
     </span>
    </p>

    <p class='ocr_par' dir='ltr' id='par_1_5' title="bbox 142 1977 1190 2664">
     <span class='ocr_line' id='line_1_19' title="bbox 187 1977 1186 2066; baseline 0 -25"><span class='ocrx_word' id='word_1_145' title='bbox 187 1978 272 2044; x_wconf 91' lang='lat' dir='ltr'>Ibid.</span> <span class='ocrx_word' id='word_1_146' title='bbox 287 1977 308 2041; x_wconf 92' lang='lat' dir='ltr'>l.</span> <span class='ocrx_word' id='word_1_147' title='bbox 324 1980 375 2043; x_wconf 82' lang='lat'>28.</span> <span class='ocrx_word' id='word_1_148' title='bbox 393 2001 464 2042; x_wconf 93' lang='lat' dir='ltr'>cum</span> <span class='ocrx_word' id='word_1_149' title='bbox 479 1977 649 2042; x_wconf 90' lang='lat' dir='ltr'>conditioni</span> <span class='ocrx_word' id='word_1_150' title='bbox 663 1978 746 2042; x_wconf 87' lang='lat' dir='ltr'>datae</span> <span class='ocrx_word' id='word_1_151' title='bbox 761 1978 818 2042; x_wconf 92' lang='lat' dir='ltr'>sibi</span> <span class='ocrx_word' id='word_1_152' title='bbox 833 1978 983 2062; x_wconf 91' lang='lat' dir='ltr'>occurrit]</span> <span class='ocrx_word' id='word_1_153' title='bbox 1001 1979 1035 2042; x_wconf 85' lang='lat' dir='ltr'>Si</span> <span class='ocrx_word' id='word_1_154' title='bbox 1049 1979 1109 2042; x_wconf 90' lang='lat' dir='ltr'>hoc</span> <span class='ocrx_word' id='word_1_155' title='bbox 1124 1978 1186 2066; x_wconf 87' lang='lat' dir='ltr'>sig-</span> 
     </span>
     <span class='ocr_line' id='line_1_20' title="bbox 142 2063 1187 2141; baseline 0.003 -15"><span class='ocrx_word' id='word_1_156' title='bbox 142 2063 257 2141; x_wconf 84' lang='lat' dir='ltr'>nificet,</span> <span class='ocrx_word' id='word_1_157' title='bbox 277 2064 472 2128; x_wconf 88' lang='lat' dir='ltr'>Marcionem</span> <span class='ocrx_word' id='word_1_158' title='bbox 494 2064 664 2128; x_wconf 90' lang='lat' dir='ltr'>conditioni</span> <span class='ocrx_word' id='word_1_159' title='bbox 687 2064 862 2128; x_wconf 86' lang='lat' dir='ltr'>satisfacere</span> <span class='ocrx_word' id='word_1_160' title='bbox 884 2064 1028 2141; x_wconf 88' lang='lat' dir='ltr'>voluisse,</span> <span class='ocrx_word' id='word_1_161' title='bbox 1048 2064 1110 2127; x_wconf 88' lang='lat' dir='ltr'>rari</span> <span class='ocrx_word' id='word_1_162' title='bbox 1132 2089 1187 2129; x_wconf 87' lang='lat' dir='ltr'>ex-</span> 
     </span>
     <span class='ocr_line' id='line_1_21' title="bbox 143 2149 1190 2237; baseline 0.001 -24"><span class='ocrx_word' id='word_1_163' title='bbox 143 2151 238 2237; x_wconf 90' lang='lat' dir='ltr'>empli</span> <span class='ocrx_word' id='word_1_164' title='bbox 256 2150 373 2214; x_wconf 91' lang='lat' dir='ltr'>locutio</span> <span class='ocrx_word' id='word_1_165' title='bbox 394 2150 461 2214; x_wconf 89' lang='lat' dir='ltr'>erit.</span> <span class='ocrx_word' id='word_1_166' title='bbox 508 2151 617 2213; x_wconf 88' lang='lat' dir='ltr'>Habet</span> <span class='ocrx_word' id='word_1_167' title='bbox 635 2149 731 2213; x_wconf 91' lang='lat' dir='ltr'>editio</span> <span class='ocrx_word' id='word_1_168' title='bbox 751 2150 896 2237; x_wconf 89' lang='lat' dir='ltr'>princeps</span> <span class='ocrx_word' id='word_1_169' title='bbox 917 2150 1092 2214; x_wconf 82' lang='lat' dir='ltr'>conditione</span> <span class='ocrx_word' id='word_1_170' title='bbox 1105 2151 1190 2214; x_wconf 72' lang='lat' dir='ltr'>datar</span> 
     </span>
     <span class='ocr_line' id='line_1_22' title="bbox 143 2234 1188 2324; baseline 0.001 -25"><span class='ocrx_word' id='word_1_171' title='bbox 143 2236 207 2299; x_wconf 92' lang='lat' dir='ltr'>scil.</span> <span class='ocrx_word' id='word_1_172' title='bbox 227 2236 429 2324; x_wconf 85' lang='lat' dir='ltr'>poenitentiae,</span> <span class='ocrx_word' id='word_1_173' title='bbox 445 2259 502 2298; x_wconf 90' lang='lat' dir='ltr'>nec</span> <span class='ocrx_word' id='word_1_174' title='bbox 522 2235 581 2298; x_wconf 91' lang='lat' dir='ltr'>hoc</span> <span class='ocrx_word' id='word_1_175' title='bbox 603 2237 721 2299; x_wconf 90' lang='lat' dir='ltr'>malum</span> <span class='ocrx_word' id='word_1_176' title='bbox 741 2259 806 2299; x_wconf 86' lang='lat' dir='ltr'>esse</span> <span class='ocrx_word' id='word_1_177' title='bbox 825 2235 869 2299; x_wconf 90' lang='lat' dir='ltr'>ait</span> <span class='ocrx_word' id='word_1_178' title='bbox 888 2234 1053 2299; x_wconf 89' lang='lat' dir='ltr'>Semlerus.</span> <span class='ocrx_word' id='word_1_179' title='bbox 1099 2237 1188 2300; x_wconf 86' lang='lat' dir='ltr'>Prae-</span> 
     </span>
     <span class='ocr_line' id='line_1_23' title="bbox 144 2320 1190 2397; baseline -0.002 -11"><span class='ocrx_word' id='word_1_180' title='bbox 144 2323 244 2386; x_wconf 88' lang='lat' dir='ltr'>stabat</span> <span class='ocrx_word' id='word_1_181' title='bbox 262 2336 367 2386; x_wconf 86' lang='lat' dir='ltr'>autem</span> <span class='ocrx_word' id='word_1_182' title='bbox 385 2322 561 2385; x_wconf 82' lang='lat' dir='ltr'>conditione</span> <span class='ocrx_word' id='word_1_183' title='bbox 573 2323 635 2385; x_wconf 78' lang='lat' dir='ltr'>sibi</span> <span class='ocrx_word' id='word_1_184' title='bbox 649 2323 726 2385; x_wconf 84' lang='lat' dir='ltr'>data</span> <span class='ocrx_word' id='word_1_185' title='bbox 745 2336 823 2385; x_wconf 90' lang='lat' dir='ltr'>teste</span> <span class='ocrx_word' id='word_1_186' title='bbox 844 2320 994 2397; x_wconf 90' lang='lat' dir='ltr'>Pamelio,</span> <span class='ocrx_word' id='word_1_187' title='bbox 1011 2322 1086 2384; x_wconf 87' lang='lat' dir='ltr'>MS.</span> <span class='ocrx_word' id='word_1_188' title='bbox 1102 2321 1190 2384; x_wconf 89' lang='lat' dir='ltr'>Vati-</span> 
     </span>
     <span class='ocr_line' id='line_1_24' title="bbox 143 2406 1188 2494; baseline -0.003 -23"><span class='ocrx_word' id='word_1_189' title='bbox 143 2432 250 2472; x_wconf 80' lang='lat' dir='ltr'>canus</span> <span class='ocrx_word' id='word_1_190' title='bbox 296 2411 465 2483; x_wconf 83' lang='lat' dir='ltr'>Caeterum,</span> <span class='ocrx_word' id='word_1_191' title='bbox 489 2406 593 2494; x_wconf 86' lang='lat' dir='ltr'>pergit</span> <span class='ocrx_word' id='word_1_192' title='bbox 612 2406 714 2470; x_wconf 90' lang='lat' dir='ltr'>dicere</span> <span class='ocrx_word' id='word_1_193' title='bbox 738 2406 905 2484; x_wconf 80' lang='lat' dir='ltr'>SemleruS,</span> <span class='ocrx_word' id='word_1_194' title='bbox 926 2407 1007 2470; x_wconf 90' lang='lat' dir='ltr'>hanc</span> <span class='ocrx_word' id='word_1_195' title='bbox 1028 2406 1188 2469; x_wconf 87' lang='lat' dir='ltr'>historiam</span> 
     </span>
     <span class='ocr_line' id='line_1_25' title="bbox 144 2491 1190 2578; baseline 0 -22"><span class='ocrx_word' id='word_1_196' title='bbox 144 2494 326 2570; x_wconf 89' lang='lat' dir='ltr'>dolendum,</span> <span class='ocrx_word' id='word_1_197' title='bbox 365 2492 430 2556; x_wconf 94' lang='lat' dir='ltr'>uod</span> <span class='ocrx_word' id='word_1_198' title='bbox 444 2492 496 2555; x_wconf 90' lang='lat' dir='ltr'>alii</span> <span class='ocrx_word' id='word_1_199' title='bbox 511 2491 665 2577; x_wconf 91' lang='lat' dir='ltr'>copiosius</span> <span class='ocrx_word' id='word_1_200' title='bbox 680 2515 742 2554; x_wconf 91' lang='lat' dir='ltr'>non</span> <span class='ocrx_word' id='word_1_201' title='bbox 757 2492 948 2556; x_wconf 90' lang='lat' dir='ltr'>describunt.</span> <span class='ocrx_word' id='word_1_202' title='bbox 991 2491 1097 2555; x_wconf 88' lang='lat' dir='ltr'>Simile</span> <span class='ocrx_word' id='word_1_203' title='bbox 1112 2492 1190 2578; x_wconf 89' lang='lat' dir='ltr'>quid</span> 
     </span>
     <span class='ocr_line' id='line_1_26' title="bbox 145 2517 1096 2664; baseline 0 -23"><span class='ocrx_word' id='word_1_204' title='bbox 145 2579 184 2642; x_wconf 90' lang='lat' dir='ltr'>de</span> <span class='ocrx_word' id='word_1_205' title='bbox 201 2517 505 2644; x_wconf 61' lang='lat' dir='ltr'>Cerdonebaeretico</span> <span class='ocrx_word' id='word_1_206' title='bbox 520 2577 657 2641; x_wconf 87' lang='lat' dir='ltr'>narravit</span> <span class='ocrx_word' id='word_1_207' title='bbox 672 2580 815 2642; x_wconf 88' lang='lat' dir='ltr'>Irenaeus</span> <span class='ocrx_word' id='word_1_208' title='bbox 829 2577 883 2642; x_wconf 93' lang='lat' dir='ltr'>lib.</span> <span class='ocrx_word' id='word_1_209' title='bbox 899 2579 968 2641; x_wconf 92' lang='lat' dir='ltr'><strong>III.</strong></span> <span class='ocrx_word' id='word_1_210' title='bbox 983 2601 1051 2664; x_wconf 92' lang='lat' dir='ltr'>cap.</span> <span class='ocrx_word' id='word_1_211' title='bbox 1063 2598 1096 2658; x_wconf 91' lang='lat'>4.</span> 
     </span>
    </p>

    <p class='ocr_par' dir='ltr' id='par_1_6' title="bbox 141 2663 1194 3183">
     <span class='ocr_line' id='line_1_27' title="bbox 189 2663 1190 2750; baseline -0.001 -22"><span class='ocrx_word' id='word_1_212' title='bbox 189 2668 227 2729; x_wconf 94' lang='lat' dir='ltr'>P.</span> <span class='ocrx_word' id='word_1_213' title='bbox 246 2684 316 2746; x_wconf 85' lang='lat'>142.</span> <span class='ocrx_word' id='word_1_214' title='bbox 334 2664 353 2727; x_wconf 95' lang='lat' dir='ltr'>l.</span> <span class='ocrx_word' id='word_1_215' title='bbox 367 2680 397 2746; x_wconf 93' lang='lat'>7.</span> <span class='ocrx_word' id='word_1_216' title='bbox 421 2678 492 2750; x_wconf 90' lang='lat' dir='ltr'>post</span> <span class='ocrx_word' id='word_1_217' title='bbox 506 2686 604 2728; x_wconf 90' lang='lat' dir='ltr'>annos</span> <span class='ocrx_word' id='word_1_218' title='bbox 619 2666 789 2750; x_wconf 85' lang='lat' dir='ltr'>regressus]</span> <span class='ocrx_word' id='word_1_219' title='bbox 809 2664 1012 2728; x_wconf 85' lang='lat' dir='ltr'>Wouwerius</span> <span class='ocrx_word' id='word_1_220' title='bbox 1025 2663 1115 2728; x_wconf 88' lang='lat' dir='ltr'>addit</span> <span class='ocrx_word' id='word_1_221' title='bbox 1128 2665 1190 2727; x_wconf 82' lang='lat' dir='ltr'>ali-</span> 
     </span>
     <span class='ocr_line' id='line_1_28' title="bbox 144 2749 1190 2837; baseline -0.001 -22"><span class='ocrx_word' id='word_1_222' title='bbox 144 2762 225 2837; x_wconf 85' lang='lat' dir='ltr'>qaat.</span> <span class='ocrx_word' id='word_1_223' title='bbox 273 2750 380 2814; x_wconf 89' lang='lat' dir='ltr'>Videri</span> <span class='ocrx_word' id='word_1_224' title='bbox 394 2749 502 2837; x_wconf 90' lang='lat' dir='ltr'>possit,</span> <span class='ocrx_word' id='word_1_225' title='bbox 517 2749 654 2813; x_wconf 87' lang='lat' dir='ltr'>litteram</span> <span class='ocrx_word' id='word_1_226' title='bbox 675 2749 726 2814; x_wconf 88' lang='lat' dir='ltr'>hic</span> <span class='ocrx_word' id='word_1_227' title='bbox 746 2750 896 2814; x_wconf 92' lang='lat' dir='ltr'>excidisse</span> <span class='ocrx_word' id='word_1_228' title='bbox 910 2749 1102 2814; x_wconf 83' lang='lat' dir='ltr'>numeralem</span> <span class='ocrx_word' id='word_1_229' title='bbox 1117 2773 1149 2813; x_wconf 87' lang='lat' dir='ltr'>v.</span> <span class='ocrx_word' id='word_1_230' title='bbox 1161 2773 1190 2814; x_wconf 91' lang='lat' dir='ltr'>c.</span> 
     </span>
     <span class='ocr_line' id='line_1_29' title="bbox 145 2835 1192 2923; baseline -0.001 -23"><span class='ocrx_word' id='word_1_231' title='bbox 145 2839 184 2900; x_wconf 92' lang='lat' dir='ltr'>V.</span> <span class='ocrx_word' id='word_1_232' title='bbox 202 2837 352 2923; x_wconf 89' lang='lat' dir='ltr'>quinque.</span> <span class='ocrx_word' id='word_1_233' title='bbox 393 2836 456 2899; x_wconf 89' lang='lat' dir='ltr'>Sed</span> <span class='ocrx_word' id='word_1_234' title='bbox 479 2836 488 2899; x_wconf 95' lang='lat' dir='ltr'>i</span> <span class='ocrx_word' id='word_1_235' title='bbox 534 2835 634 2899; x_wconf 88' lang='lat' dir='ltr'>oravit</span> <span class='ocrx_word' id='word_1_236' title='bbox 655 2836 748 2923; x_wconf 92' lang='lat' dir='ltr'>plura</span> <span class='ocrx_word' id='word_1_237' title='bbox 771 2850 803 2900; x_wconf 90' lang='lat' dir='ltr'>et</span> <span class='ocrx_word' id='word_1_238' title='bbox 826 2836 957 2901; x_wconf 89' lang='lat' dir='ltr'>certiora</span> <span class='ocrx_word' id='word_1_239' title='bbox 978 2835 1028 2900; x_wconf 91' lang='lat' dir='ltr'>hic</span> <span class='ocrx_word' id='word_1_240' title='bbox 1051 2835 1192 2923; x_wconf 86' lang='lat' dir='ltr'>scriptor.</span> 
     </span>
     <span class='ocr_line' id='line_1_30' title="bbox 147 2859 1193 3009; baseline 0.002 -25"><span class='ocrx_word' id='word_1_241' title='bbox 147 2925 303 2986; x_wconf 81' lang='lat' dir='ltr'>Sannan.</span> <span class='ocrx_word' id='word_1_242' title='bbox 348 2924 472 2985; x_wconf 92' lang='lat' dir='ltr'>Auctor</span> <span class='ocrx_word' id='word_1_243' title='bbox 489 2859 591 2986; x_wconf 52' lang='lat' dir='ltr'>{belli</span> <span class='ocrx_word' id='word_1_244' title='bbox 611 2924 732 2987; x_wconf 81' lang='lat' dir='ltr'>Contra</span> <span class='ocrx_word' id='word_1_245' title='bbox 754 2923 914 3001; x_wconf 81' lang='lat' dir='ltr'>Haeresea,</span> <span class='ocrx_word' id='word_1_246' title='bbox 933 2923 994 3009; x_wconf 50' lang='lat' dir='ltr'>&#39;qui</span> <span class='ocrx_word' id='word_1_247' title='bbox 1020 2922 1094 2986; x_wconf 91' lang='lat' dir='ltr'>huic</span> <span class='ocrx_word' id='word_1_248' title='bbox 1117 2923 1193 2986; x_wconf 91' lang='lat' dir='ltr'>sub·</span> 
     </span>
     <span class='ocr_line' id='line_1_31' title="bbox 141 3009 1194 3096; baseline 0.002 -26"><span class='ocrx_word' id='word_1_249' title='bbox 141 3009 272 3094; x_wconf 84' lang='lat' dir='ltr'>junctus</span> <span class='ocrx_word' id='word_1_250' title='bbox 291 3023 348 3088; x_wconf 89' lang='lat' dir='ltr'>est,</span> <span class='ocrx_word' id='word_1_251' title='bbox 369 3009 471 3094; x_wconf 84' lang='lat' dir='ltr'>capite</span> <span class='ocrx_word' id='word_1_252' title='bbox 487 3027 518 3084; x_wconf 89' lang='lat'>7.</span> <span class='ocrx_word' id='word_1_253' title='bbox 541 3022 658 3087; x_wconf 89' lang='lat' dir='ltr'>narrat,</span> <span class='ocrx_word' id='word_1_254' title='bbox 678 3020 884 3096; x_wconf 78' lang='lat' dir='ltr'>segregatura</span> <span class='ocrx_word' id='word_1_255' title='bbox 906 3031 971 3073; x_wconf 77' lang='lat' dir='ltr'>aare</span> <span class='ocrx_word' id='word_1_256' title='bbox 988 3031 1009 3072; x_wconf 93' lang='lat' dir='ltr'>a</span> <span class='ocrx_word' id='word_1_257' title='bbox 1025 3010 1194 3073; x_wconf 76' lang='lat' dir='ltr'>Marcione</span> 
     </span>
     <span class='ocr_line' id='line_1_32' title="bbox 147 3096 967 3183; baseline 0.002 -27"><span class='ocrx_word' id='word_1_258' title='bbox 147 3096 295 3182; x_wconf 80' lang='lat' dir='ltr'>Apellam,</span> <span class='ocrx_word' id='word_1_259' title='bbox 306 3104 475 3183; x_wconf 82' lang='lat' dir='ltr'>postquam</span> <span class='ocrx_word' id='word_1_260' title='bbox 490 3097 526 3158; x_wconf 78' lang='lat' dir='ltr'>iri·</span> <span class='ocrx_word' id='word_1_261' title='bbox 541 3116 665 3158; x_wconf 81' lang='lat' dir='ltr'>caraem</span> <span class='ocrx_word' id='word_1_262' title='bbox 682 3117 774 3159; x_wconf 76' lang='lat' dir='ltr'>saara</span> <span class='ocrx_word' id='word_1_263' title='bbox 789 3098 898 3182; x_wconf 79' lang='lat' dir='ltr'>lapsas</span> <span class='ocrx_word' id='word_1_264' title='bbox 913 3097 967 3160; x_wconf 82' lang='lat' dir='ltr'>ait.</span> 
     </span>
    </p>

    <p class='ocr_par' dir='ltr' id='par_1_7' title="bbox 190 3179 1087 3268">
     <span class='ocr_line' id='line_1_33' title="bbox 190 3179 1087 3268; baseline 0.002 -26"><span class='ocrx_word' id='word_1_265' title='bbox 190 3181 275 3244; x_wconf 93' lang='lat' dir='ltr'>Ibid.</span> <span class='ocrx_word' id='word_1_266' title='bbox 290 3181 312 3244; x_wconf 93' lang='lat' dir='ltr'>l.</span> <span class='ocrx_word' id='word_1_267' title='bbox 325 3201 356 3264; x_wconf 88' lang='lat'>9.</span> <span class='ocrx_word' id='word_1_268' title='bbox 381 3183 491 3267; x_wconf 89' lang='lat' dir='ltr'>(quam</span> <span class='ocrx_word' id='word_1_269' title='bbox 506 3203 603 3267; x_wconf 89' lang='lat' dir='ltr'>supra</span> <span class='ocrx_word' id='word_1_270' title='bbox 616 3181 801 3267; x_wconf 91' lang='lat' dir='ltr'>edidimus)]</span> <span class='ocrx_word' id='word_1_271' title='bbox 823 3185 927 3268; x_wconf 88' lang='lat' dir='ltr'>Supra</span> <span class='ocrx_word' id='word_1_272' title='bbox 941 3179 1041 3266; x_wconf 91' lang='lat' dir='ltr'>capite</span> <span class='ocrx_word' id='word_1_273' title='bbox 1056 3182 1087 3244; x_wconf 91' lang='lat'>6.</span> 
     </span>
    </p>

    <p class='ocr_par' dir='ltr' id='par_1_8' title="bbox 146 3264 1194 3525">
     <span class='ocr_line' id='line_1_34' title="bbox 190 3264 1192 3355; baseline 0.001 -27"><span class='ocrx_word' id='word_1_274' title='bbox 190 3266 275 3330; x_wconf 94' lang='lat' dir='ltr'>Ibid.</span> <span class='ocrx_word' id='word_1_275' title='bbox 299 3267 320 3330; x_wconf 94' lang='lat' dir='ltr'>l.</span> <span class='ocrx_word' id='word_1_276' title='bbox 343 3286 392 3333; x_wconf 92' lang='grc'>22.</span> <span class='ocrx_word' id='word_1_277' title='bbox 425 3267 484 3331; x_wconf 89' lang='lat' dir='ltr'>hoc</span> <span class='ocrx_word' id='word_1_278' title='bbox 509 3267 648 3355; x_wconf 83' lang='lat' dir='ltr'>nomine]</span> <span class='ocrx_word' id='word_1_279' title='bbox 678 3266 789 3331; x_wconf 90' lang='lat' dir='ltr'>Posuit</span> <span class='ocrx_word' id='word_1_280' title='bbox 815 3267 942 3354; x_wconf 91' lang='lat' dir='ltr'>quidem</span> <span class='ocrx_word' id='word_1_281' title='bbox 970 3264 1128 3352; x_wconf 87' lang='lat' dir='ltr'>Rigaltius</span> <span class='ocrx_word' id='word_1_282' title='bbox 1153 3289 1192 3329; x_wconf 88' lang='lat' dir='ltr'>ex</span> 
     </span>
     <span class='ocr_line' id='line_1_35' title="bbox 146 3352 1192 3439; baseline 0.001 -25"><span class='ocrx_word' id='word_1_283' title='bbox 146 3353 321 3416; x_wconf 87' lang='lat' dir='ltr'>Wouwerii</span> <span class='ocrx_word' id='word_1_284' title='bbox 341 3353 448 3417; x_wconf 89' lang='lat' dir='ltr'>codice</span> <span class='ocrx_word' id='word_1_285' title='bbox 467 3354 522 3417; x_wconf 79' lang='lat' dir='ltr'>boc</span> <span class='ocrx_word' id='word_1_286' title='bbox 536 3354 673 3430; x_wconf 78' lang='lat' dir='ltr'>omnino,</span> <span class='ocrx_word' id='word_1_287' title='bbox 690 3352 777 3439; x_wconf 93' lang='lat' dir='ltr'>quod</span> <span class='ocrx_word' id='word_1_288' title='bbox 795 3367 879 3417; x_wconf 90' lang='lat' dir='ltr'>recte</span> <span class='ocrx_word' id='word_1_289' title='bbox 899 3364 1101 3416; x_wconf 89' lang='lat' dir='ltr'>mutaverunt</span> <span class='ocrx_word' id='word_1_290' title='bbox 1120 3374 1192 3415; x_wconf 91' lang='lat' dir='ltr'>cum</span> 
     </span>
     <span class='ocr_line' id='line_1_36' title="bbox 147 3437 1194 3525; baseline -0.001 -24"><span class='ocrx_word' id='word_1_291' title='bbox 147 3438 244 3502; x_wconf 89' lang='lat' dir='ltr'>altera</span> <span class='ocrx_word' id='word_1_292' title='bbox 265 3438 396 3503; x_wconf 88' lang='lat' dir='ltr'>lectione</span> <span class='ocrx_word' id='word_1_293' title='bbox 419 3440 534 3525; x_wconf 88' lang='lat' dir='ltr'>Lupus</span> <span class='ocrx_word' id='word_1_294' title='bbox 558 3453 590 3503; x_wconf 91' lang='lat' dir='ltr'>et</span> <span class='ocrx_word' id='word_1_295' title='bbox 617 3438 820 3502; x_wconf 87' lang='lat' dir='ltr'>Thomasius.</span> <span class='ocrx_word' id='word_1_296' title='bbox 868 3439 900 3502; x_wconf 89' lang='lat' dir='ltr'>Si</span> <span class='ocrx_word' id='word_1_297' title='bbox 926 3462 1000 3502; x_wconf 90' lang='lat' dir='ltr'>vero</span> <span class='ocrx_word' id='word_1_298' title='bbox 1024 3437 1194 3500; x_wconf 88' lang='lat' dir='ltr'>adderetur</span> 
     </span>
    </p>

    <p class='ocr_par' dir='ltr' id='par_1_9' title="bbox 146 3523 1193 3696">
     <span class='ocr_line' id='line_1_37' title="bbox 170 3523 1193 3611; baseline -0.001 -23"><span class='ocrx_word' id='word_1_299' title='bbox 170 3540 300 3589; x_wconf 92' lang='lat' dir='ltr'>unctum</span> <span class='ocrx_word' id='word_1_300' title='bbox 327 3540 399 3610; x_wconf 91' lang='lat' dir='ltr'>post</span> <span class='ocrx_word' id='word_1_301' title='bbox 427 3548 534 3588; x_wconf 91' lang='lat' dir='ltr'>vocem</span> <span class='ocrx_word' id='word_1_302' title='bbox 560 3534 655 3601; x_wconf 83' lang='lat' dir='ltr'>retro,</span> <span class='ocrx_word' id='word_1_303' title='bbox 681 3523 766 3588; x_wconf 90' lang='lat' dir='ltr'>haud</span> <span class='ocrx_word' id='word_1_304' title='bbox 796 3524 982 3611; x_wconf 91' lang='lat' dir='ltr'>ejiciendum</span> <span class='ocrx_word' id='word_1_305' title='bbox 1010 3524 1091 3588; x_wconf 89' lang='lat' dir='ltr'>foret</span> <span class='ocrx_word' id='word_1_306' title='bbox 1120 3546 1193 3587; x_wconf 94' lang='lat' dir='ltr'>cum</span> 
     </span>
     <span class='ocr_line' id='line_1_38' title="bbox 146 3547 970 3696; baseline 0.002 -22"><span class='ocrx_word' id='word_1_307' title='bbox 146 3547 331 3675; x_wconf 62' lang='lat' dir='ltr'>il&#39;ouwerio</span> <span class='ocrx_word' id='word_1_308' title='bbox 344 3612 500 3689; x_wconf 74' lang='lat' dir='ltr'>anterius,</span> <span class='ocrx_word' id='word_1_309' title='bbox 517 3623 553 3674; x_wconf 89' lang='lat' dir='ltr'>ut</span> <span class='ocrx_word' id='word_1_310' title='bbox 568 3611 636 3696; x_wconf 88' lang='lat' dir='ltr'>ejus</span> <span class='ocrx_word' id='word_1_311' title='bbox 649 3609 970 3695; x_wconf 88' lang='lat' dir='ltr'>interpretamentum.</span> 
     </span>
    </p>
   </div>
   <div class='ocr_carea' id='block_1_3' title="bbox 191 3693 1194 3844">
    <p class='ocr_par' dir='ltr' id='par_1_10' title="bbox 191 3693 1194 3844">
     <span class='ocr_line' id='line_1_39' title="bbox 191 3693 1194 3844; baseline -0.002 -85"><span class='ocrx_word' id='word_1_312' title='bbox 191 3697 277 3760; x_wconf 88' lang='lat' dir='ltr'>Ibid.</span> <span class='ocrx_word' id='word_1_313' title='bbox 292 3697 313 3760; x_wconf 88' lang='lat' dir='ltr'>l.</span> <span class='ocrx_word' id='word_1_314' title='bbox 327 3716 379 3779; x_wconf 83' lang='lat'>25.</span> <span class='ocrx_word' id='word_1_315' title='bbox 405 3696 553 3782; x_wconf 90' lang='lat' dir='ltr'>Nigidius</span> <span class='ocrx_word' id='word_1_316' title='bbox 574 3696 677 3760; x_wconf 92' lang='lat' dir='ltr'>nescio</span> <span class='ocrx_word' id='word_1_317' title='bbox 698 3696 780 3782; x_wconf 89' lang='lat' dir='ltr'>quis,</span> <span class='ocrx_word' id='word_1_318' title='bbox 803 3712 835 3761; x_wconf 92' lang='lat' dir='ltr'>et</span> <span class='ocrx_word' id='word_1_319' title='bbox 857 3695 1097 3844; x_wconf 41' lang='lat' dir='ltr'>Hermogenes}³</span> <span class='ocrx_word' id='word_1_320' title='bbox 1115 3693 1194 3772; x_wconf 80' lang='lat' dir='ltr'>Quis</span> 
     </span>
    </p>
   </div>
   <div class='ocr_carea' id='block_1_4' title="bbox 147 3781 1224 4385">
    <p class='ocr_par' dir='ltr' id='par_1_11' title="bbox 147 3781 1195 3955">
     <span class='ocr_line' id='line_1_40' title="bbox 147 3781 1195 3870; baseline 0.001 -26"><span class='ocrx_word' id='word_1_321' title='bbox 147 3782 243 3846; x_wconf 86' lang='lat' dir='ltr'>fuerit</span> <span class='ocrx_word' id='word_1_322' title='bbox 265 3782 423 3868; x_wconf 89' lang='lat' dir='ltr'>Nigidius,</span> <span class='ocrx_word' id='word_1_323' title='bbox 446 3782 617 3869; x_wconf 87' lang='lat' dir='ltr'>ignoratur.</span> <span class='ocrx_word' id='word_1_324' title='bbox 663 3782 783 3847; x_wconf 88' lang='lat' dir='ltr'>Contra</span> <span class='ocrx_word' id='word_1_325' title='bbox 808 3785 1040 3870; x_wconf 89' lang='lat' dir='ltr'>Hermogenem</span> <span class='ocrx_word' id='word_1_326' title='bbox 1099 3781 1195 3845; x_wconf 89' lang='lat' dir='ltr'>ertul-</span> 
     </span>
     <span class='ocr_line' id='line_1_41' title="bbox 147 3867 709 3955; baseline 0.005 -25"><span class='ocrx_word' id='word_1_327' title='bbox 147 3867 248 3932; x_wconf 89' lang='lat' dir='ltr'>lianus</span> <span class='ocrx_word' id='word_1_328' title='bbox 262 3868 377 3932; x_wconf 91' lang='lat' dir='ltr'>librum</span> <span class='ocrx_word' id='word_1_329' title='bbox 394 3868 527 3955; x_wconf 89' lang='lat' dir='ltr'>scripsit,</span> <span class='ocrx_word' id='word_1_330' title='bbox 543 3868 598 3954; x_wconf 95' lang='lat' dir='ltr'>qui</span> <span class='ocrx_word' id='word_1_331' title='bbox 613 3881 709 3934; x_wconf 84' lang='lat' dir='ltr'>extat.</span> 
     </span>
    </p>

    <p class='ocr_par' dir='ltr' id='par_1_12' title="bbox 148 3952 1224 4214">
     <span class='ocr_line' id='line_1_42' title="bbox 192 3952 1224 4043; baseline 0.003 -27"><span class='ocrx_word' id='word_1_332' title='bbox 192 3952 278 4017; x_wconf 89' lang='lat' dir='ltr'>Ibid.</span> <span class='ocrx_word' id='word_1_333' title='bbox 293 3953 314 4018; x_wconf 91' lang='lat' dir='ltr'>l.</span> <span class='ocrx_word' id='word_1_334' title='bbox 329 3956 379 4019; x_wconf 87' lang='grc'>26.</span> <span class='ocrx_word' id='word_1_335' title='bbox 403 3955 497 4043; x_wconf 92' lang='lat' dir='ltr'>cupio</span> <span class='ocrx_word' id='word_1_336' title='bbox 510 3952 676 4019; x_wconf 87' lang='lat' dir='ltr'>ostendant</span> <span class='ocrx_word' id='word_1_337' title='bbox 695 3954 787 4038; x_wconf 87' lang='lat' dir='ltr'>mihi]</span> <span class='ocrx_word' id='word_1_338' title='bbox 804 3957 944 4020; x_wconf 88' lang='lat' dir='ltr'>Verbum</span> <span class='ocrx_word' id='word_1_339' title='bbox 965 3958 1058 4042; x_wconf 78' lang='lat' dir='ltr'>capio</span> <span class='ocrx_word' id='word_1_340' title='bbox 1079 3955 1195 4020; x_wconf 89' lang='lat' dir='ltr'>delevit</span> <span class='ocrx_word' id='word_1_341' title='bbox 1216 3989 1224 4005; x_wconf 88' lang='lat'><strong>·</strong></span> 
     </span>
     <span class='ocr_line' id='line_1_43' title="bbox 148 4039 1194 4128; baseline 0.002 -26"><span class='ocrx_word' id='word_1_342' title='bbox 148 4039 318 4126; x_wconf 89' lang='lat' dir='ltr'>Rigaltius,</span> <span class='ocrx_word' id='word_1_343' title='bbox 333 4040 526 4127; x_wconf 88' lang='lat' dir='ltr'>inseruitque</span> <span class='ocrx_word' id='word_1_344' title='bbox 539 4043 595 4128; x_wconf 81' lang='lat' dir='ltr'>qai</span> <span class='ocrx_word' id='word_1_345' title='bbox 609 4055 682 4104; x_wconf 90' lang='lat' dir='ltr'>ante</span> <span class='ocrx_word' id='word_1_346' title='bbox 695 4041 805 4104; x_wconf 76' lang='lat' dir='ltr'>adbuc.</span> <span class='ocrx_word' id='word_1_347' title='bbox 848 4042 1014 4106; x_wconf 88' lang='lat' dir='ltr'>Pristinam</span> <span class='ocrx_word' id='word_1_348' title='bbox 1030 4041 1194 4106; x_wconf 91' lang='lat' dir='ltr'>lectionem</span> 
     </span>
     <span class='ocr_line' id='line_1_44' title="bbox 148 4125 1193 4214; baseline 0.002 -26"><span class='ocrx_word' id='word_1_349' title='bbox 148 4127 303 4204; x_wconf 86' lang='lat' dir='ltr'>revocavi,</span> <span class='ocrx_word' id='word_1_350' title='bbox 315 4125 373 4189; x_wconf 89' lang='lat' dir='ltr'>nisi</span> <span class='ocrx_word' id='word_1_351' title='bbox 385 4127 469 4212; x_wconf 92' lang='lat' dir='ltr'>quod</span> <span class='ocrx_word' id='word_1_352' title='bbox 482 4140 577 4190; x_wconf 89' lang='lat' dir='ltr'>restat</span> <span class='ocrx_word' id='word_1_353' title='bbox 587 4129 642 4214; x_wconf 79' lang='lat' dir='ltr'>qai</span> <span class='ocrx_word' id='word_1_354' title='bbox 657 4126 689 4189; x_wconf 92' lang='lat' dir='ltr'>in</span> <span class='ocrx_word' id='word_1_355' title='bbox 702 4140 791 4190; x_wconf 89' lang='lat' dir='ltr'>textu</span> <span class='ocrx_word' id='word_1_356' title='bbox 830 4143 921 4193; x_wconf 86' lang='lat' dir='ltr'>raeter</span> <span class='ocrx_word' id='word_1_357' title='bbox 935 4142 1069 4192; x_wconf 91' lang='lat' dir='ltr'>mentem</span> <span class='ocrx_word' id='word_1_358' title='bbox 1082 4150 1193 4192; x_wconf 86' lang='lat' dir='ltr'>meam.</span> 
     </span>
    </p>

    <p class='ocr_par' dir='ltr' id='par_1_13' title="bbox 149 4151 1196 4385">
     <span class='ocr_line' id='line_1_45' title="bbox 194 4151 1195 4300; baseline 0.004 -27"><span class='ocrx_word' id='word_1_359' title='bbox 194 4211 280 4274; x_wconf 86' lang='lat' dir='ltr'>Ibid.</span> <span class='ocrx_word' id='word_1_360' title='bbox 295 4211 315 4273; x_wconf 92' lang='lat' dir='ltr'>l.</span> <span class='ocrx_word' id='word_1_361' title='bbox 327 4231 381 4297; x_wconf 82' lang='lat'>30.</span> <span class='ocrx_word' id='word_1_362' title='bbox 404 4212 429 4274; x_wconf 95' lang='lat' dir='ltr'>si</span> <span class='ocrx_word' id='word_1_363' title='bbox 444 4212 601 4291; x_wconf 89' lang='lat' dir='ltr'>eumdem,</span> <span class='ocrx_word' id='word_1_364' title='bbox 617 4213 776 4298; x_wconf 91' lang='lat' dir='ltr'>quomodo</span> <span class='ocrx_word' id='word_1_365' title='bbox 790 4151 879 4276; x_wconf 90' lang='lat' dir='ltr'>aliter</span> <span class='ocrx_word' id='word_1_366' title='bbox 888 4215 918 4300; x_wconf 87' lang='lat'>?]</span> <span class='ocrx_word' id='word_1_367' title='bbox 935 4215 982 4277; x_wconf 87' lang='lat' dir='ltr'>H.</span> <span class='ocrx_word' id='word_1_368' title='bbox 992 4237 1020 4277; x_wconf 89' lang='lat' dir='ltr'>e.</span> <span class='ocrx_word' id='word_1_369' title='bbox 1036 4213 1195 4300; x_wconf 93' lang='lat' dir='ltr'>quomodo</span> 
     </span>
     <span class='ocr_line' id='line_1_46' title="bbox 149 4296 1196 4385; baseline 0.003 -26"><span class='ocrx_word' id='word_1_370' title='bbox 149 4296 210 4360; x_wconf 91' lang='lat' dir='ltr'>alio</span> <span class='ocrx_word' id='word_1_371' title='bbox 232 4297 327 4361; x_wconf 93' lang='lat' dir='ltr'>modo</span> <span class='ocrx_word' id='word_1_372' title='bbox 348 4297 543 4385; x_wconf 76' lang='lat' dir='ltr'>pradicant?</span> <span class='ocrx_word' id='word_1_373' title='bbox 574 4302 699 4363; x_wconf 91' lang='lat' dir='ltr'>Auctor</span> <span class='ocrx_word' id='word_1_374' title='bbox 719 4298 752 4362; x_wconf 94' lang='lat' dir='ltr'>in</span> <span class='ocrx_word' id='word_1_375' title='bbox 774 4297 855 4363; x_wconf 93' lang='lat' dir='ltr'>libro</span> <span class='ocrx_word' id='word_1_376' title='bbox 868 4301 920 4362; x_wconf 83' lang='lat' dir='ltr'>De</span> <span class='ocrx_word' id='word_1_377' title='bbox 944 4300 1050 4364; x_wconf 86' lang='lat' dir='ltr'>Carae</span> <span class='ocrx_word' id='word_1_378' title='bbox 1074 4301 1196 4365; x_wconf 70' lang='lat' dir='ltr'>Cariati</span> 
     </span>
    </p>
   </div>
   <div class='ocr_carea' id='block_1_5' title="bbox 645 4403 700 4451">
    <p class='ocr_par' dir='ltr' id='par_1_14' title="bbox 645 4403 700 4451">
     <span class='ocr_line' id='line_1_47' title="bbox 645 4403 700 4451; baseline 0.055 -3"><span class='ocrx_word' id='word_1_379' title='bbox 645 4403 700 4451; x_wconf 79' lang='lat'>02</span> 
     </span>
    </p>
   </div>
   <div class='ocr_carea' id='block_1_6' title="bbox 0 0 1345 4830">
    <p class='ocr_par' dir='ltr' id='par_1_15' title="bbox 0 0 1345 4830">
     <span class='ocr_line' id='line_1_48' title="bbox 0 0 1345 4830; baseline 0 0"><span class='ocrx_word' id='word_1_380' title='bbox 0 0 1345 4830; x_wconf 95' lang='lat' dir='ltr'> </span> 
     </span>
    </p>
   </div>
  </div>
 </body>
</html>
