2678 4830
303 325 369 390 DE
392 325 549 391 OPERE
573 324 638 388 ΕΤ
661 324 1013 390 ELEEMOSYNIS.
1118 328 1213 429 9289!

134 495 310 569 Zachaeus
328 495 488 586 dixisset,
502 496 600 572 Ecce
616 497 805 572 dimidium
824 522 868 570 err
883 497 1090 572 substantia
1101 512 1252 571 mennae.
1263 513 1314 562 xix.

133 613 178 685 do
197 615 332 712 egenis
350 615 434 687 etsi
451 615 510 687 cui
525 616 617 714 quid
622 614 824 716 fraudavi,
841 612 1085 712 quadruplum
1101 615 1183 688 red

134 729 204 810 do,·
223 728 407 827 respondit
423 729 449 802 J
451 756 544 820 esus,
561 744 597 803 et
614 730 718 819 dixit,
740 730 841 808 Quia
858 729 960 803 sulus
977 729 1083 802 hodie
1099 729 1183 804 huic

133 844 256 917 domui
266 841 384 945 facta
409 856 473 930 est,
491 847 662 946 quoniam
686 857 721 920 et
743 844 922 945 hicfilius
943 857 996 920 est
1013 846 1181 921 Abrahae.

105 958 230 1045 5Nam
250 959 279 1032 si
297 960 484 1033 Abraham
503 961 655 1034 credidit
676 963 771 1050 Deo,
788 975 824 1035 et
842 962 1057 1062 deputatum
1076 976 1131 1034 est
1148 962 1179 1034 ei
1191 983 1252 1033 oen.
1264 999 1322 1032 m.

133 1074 177 1147 ad
199 1076 394 1172 justitiam,
413 1077 538 1175 utique
556 1078 618 1174 qui
643 1078 842 1151 secundum
863 1085 1084 1178 praeceptum
1113 1078 1181 1152 Dei

132 1193 379 1291 eleemosynas
406 1193 504 1282 facit,
534 1194 616 1267 Deo
646 1194 770 1280 eredit,
801 1206 837 1266 et
866 1194 928 1292 qui
958 1194 1067 1266 habet
1096 1195 1181 1269 fidei

132 1309 332 1394 veritatem,
351 1328 466 1382 servat
492 1309 563 1383 Dei
591 1310 783 1393 timorem;
811 1309 872 1407 qui
898 1322 1018 1382 autem
1043 1310 1115 1383 Dei
1139 1311 1311 1384 ti-Matsrn.

134 1450 270 1497 morem
299 1438 427 1516 servat,
449 1426 485 1498 in
513 1426 802 1499 miserationibus
829 1452 1029 1525 pauperum
1056 1426 1181 1500 Deum

88 1539 278 1638 rocogitat.
330 1542 512 1640 Operatur
536 1542 633 1614 enirn
659 1542 740 1614 ideo
764 1542 847 1640 quia
870 1541 995 1631 credit,
1013 1542 1098 1638 quia
1115 1544 1183 1616 scit

133 1683 216 1728 vera
237 1683 314 1729 esse
336 1685 417 1754 quae
439 1659 611 1758 praedicta
634 1672 718 1732 sunt
740 1658 857 1731 verbis
880 1658 963 1744 Dei,
981 1686 1048 1731 nec
1070 1659 1182 1759 scrip-

133 1785 251 1845 turam
276 1788 437 1847 sanctam
457 1803 561 1874 posse
580 1775 747 1860 mentiri3
773 1776 913 1848 arbores
932 1775 1182 1863 infructuosas,

132 1888 169 1960 id
196 1903 261 1979 est,
289 1891 423 1962 steriles
451 1891 628 1979 homines,
655 1891 772 1964 excidi
798 1904 835 1963 et
861 1891 896 1962 in
924 1891 1046 1989 ignem
1073 1891 1182 1978 mitti,

133 2005 379 2078 misericordes
404 2020 524 2079 autem
545 2005 590 2079 ad
614 2033 764 2104 regnum
783 2006 914 2080 vocari.
966 2007 1039 2089 Qui
1059 2007 1182 2079 etalio
1243 2016 1245 2027 “

88 2119 170 2208 15in
193 2121 273 2194 loco
298 2121 478 2221 operarios
503 2136 539 2192 et
564 2121 767 2194 fructuosos
790 2120 914 2192 fideles
939 2123 1109 2220 appellat,
1128 2121 1183 2192 in-

131 2236 324 2309 fructuosis
349 2264 433 2311 vero
460 2251 496 2309 et
522 2236 702 2307 sterilibus
727 2235 834 2306 fidem
860 2235 1019 2334 derogat,
1036 2236 1180 2309 dicens:

134 2351 177 2423 Si
194 2353 232 2425 in
248 2350 384 2448 injusto
401 2377 606 2424 mammona
608 2347 749 2448 fideles
766 2377 836 2424 non
843 2349 995 2450 fuistin
1013 2352 1112 2451 quod
1127 2361 1182 2425 est
1189 2367 1249 2417 Luc·
1261 2369 1311 2416 xvi·

132 2493 258 2539 verum
284 2468 366 2565 quis
393 2466 513 2539 credet
537 2467 670 2538 nobis?
707 2465 819 2538 Etsi
844 2467 883 2538 in
909 2465 1027 2539 alieno
1042 2465 1183 2566 fideles

134 2580 360 2681 nonfuistis
378 2582 475 2680 quod
491 2590 545 2654 est
560 2590 720 2654 vestrum
738 2583 819 2681 quis
836 2583 938 2656 dabir
953 2582 1087 2656 vobis?

86 2730 124 2768 20
185 2699 250 2772 VI.
273 2699 345 2771 Sed
364 2698 494 2771 vereris
512 2711 548 2770 et
567 2697 762 2770 metuisne
781 2698 809 2770 si
828 2698 963 2797 operari
983 2698 1180 2796 plurimum

134 2815 299 2913 coeperiS,
319 2815 537 2913 patrimonio
563 2827 626 2887 tuo
652 2814 750 2912 larga
774 2815 982 2912 operatione
1008 2816 1111 2888 finito
1136 2817 1179 2890 ad

132 2931 320 3030 penuriam
340 2931 432 3002 forte
453 2929 643 3029 redigaris:
670 2944 746 3002 esto
769 2929 804 3002 in
830 2930 898 3002 hac
915 2943 1016 3028 parte
1034 2931 1182 3032 intrepi-

132 3047 212 3135 dus,
237 3060 314 3119 esto
342 3072 510 3131 securus3
543 3045 638 3117 finiri
664 3072 737 3117 non
764 3058 884 3144 potest
909 3044 1005 3118 unde
1031 3046 1067 3118 in
1095 3074 1180 3121 usus

132 3164 269 3237 Christi
296 3163 528 3263 impenditur,
557 3163 651 3235 unde
676 3188 767 3262 opus
794 3164 941 3236 coeleste
968 3165 1178 3238 celebratur.

83 3307 120 3368 25
132 3281 214 3354 Nec
241 3281 310 3354 hoc
335 3281 401 3353 tibi
429 3279 473 3352 de
499 3305 581 3351 meo
611 3278 781 3377 spondeo,
808 3279 868 3352 sed
898 3278 943 3350 de
973 3294 1178 3353 sanctarum

132 3398 389 3495 seripturarum
405 3395 476 3468 fide
489 3408 525 3467 et
538 3394 668 3468 divinae
681 3394 952 3492 pollicitationis
968 3394 1179 3468 auctoritate

132 3513 316 3612 promitto.
368 3511 548 3611 Loquitur
561 3537 626 3610 per
643 3510 874 3583 Salomonem
894 3510 1047 3609 Spiritus
1066 3511 1179 3585 Sanc-

132 3640 189 3698 tus
213 3642 249 3698 et
272 3627 371 3716 dicit,
393 3627 470 3704 Qui
495 3627 560 3699 dat
579 3627 814 3725 pauperibus,
839 3653 1023 3727 nunquam
1049 3626 1178 3726 egebit,
1187 3657 1261 3734 ιίοχ.ο

131 3743 196 3839 qui
212 3752 333 3814 autem
350 3742 487 3816 avertit
504 3741 648 3814 oculum
665 3769 781 3828 suum,
799 3744 838 3815 ia
862 3769 999 3843 magne
1020 3737 1270 3840 perrrn'iexxvllh

82 3856 229 3943 30erit;
254 3858 444 3931 ostendens
464 3859 709 3931 misericordes
733 3872 841 3956 atque
864 3875 1052 3960 operantes
1075 3885 1180 3957 egere

132 3999 202 4044 non
223 3999 340 4072 posse,
353 3975 468 4071 magis
487 4002 613 4074 parcos
627 3988 664 4048 et
682 3976 817 4048 steriles
837 3977 881 4048 ad
900 3976 1061 4075 inopiam
1080 3987 1179 4074 post-

133 4087 281 4159 modum
314 4087 490 4165 devenire.
550 4091 645 4163 Item
677 4092 802 4164 beatus
832 4093 1015 4190 apostolus
1045 4091 1177 4164 Paulus

132 4203 337 4278 Dominicae
365 4204 606 4305 inspirationis
632 4207 746 4305 gratia
769 4209 920 4306 plenus:
944 4207 1021 4284 Qui
1038 4206 1265 4279 arimin-2002.
1277 4225 1312 4272 xi.

637 4344 659 4386 u
