2678 4830
63 309 126 372 152
413 302 754 369 TERTULLIANI

63 477 230 551 adversus
249 477 481 550 Creatorem:
505 490 567 549 aut
584 476 611 548 si
632 475 778 548 unicum
797 466 1006 548 Creatorem
1027 501 1114 548 con-

63 597 224 683 fitentur,
255 593 356 667 aliter
385 620 469 666 eum
501 592 690 678 disserunt,
720 619 830 690 quarn
862 590 898 665 in
929 582 1024 665 vero¹
1046 583 1112 664 est

63 710 192 808 Itaque
209 737 319 783 omne
337 709 566 783 mendacium
586 708 632 782 de
649 709 731 782 Deo
748 708 805 781 vel
823 707 921 781 natio
940 705 1043 809 (for.
1058 735 1113 782 ra·

63 827 129 921 tio)
149 826 418 925 quodammodo
437 852 553 917 sexus,
570 838 625 899 est
643 824 864 898 idololatriae.

1 962 19 1004 ··
113 943 200 1016 Non
225 944 389 1016 omittam
418 942 530 1041 ipsius
556 942 665 1015 etiarn
693 937 974 1014 conversationis
999 937 1139 1028 haere-‘5

6 1055 13 1069 ’
63 1057 1112 1159 ticredescriptionem,quamfutilis‚quamterrena,quam

64 1177 223 1250 humana
241 1176 302 1261 sit;
321 1176 396 1248 sine
414 1175 599 1273 gravitatc,
612 1176 689 1247 sine
708 1174 930 1264 auctoritate,
943 1180 1020 1246 sine
1036 1172 1112 1246 dis-

64 1293 211 1392 ciplina,
224 1306 265 1366 ut
278 1292 362 1364 fidei
381 1319 453 1365 suae
472 1318 685 1390 congruens.
712 1291 755 1363 In
774 1289 900 1391 primis
918 1289 998 1388 quis
1015 1301 1114 1362 cate-

63 1409 278 1496 chumenus,
292 1410 372 1507 quis
389 1408 517 1497 fidelis,
532 1407 708 1481 incertum
728 1421 797 1481 est:
815 1406 949 1506 pariter
966 1404 1114 1497 adeunt,

63 1529 196 1625 pariter
219 1526 380 1610 audiunt,
399 1525 531 1624 pariter
553 1536 677 1597 orant:
704 1523 815 1596 etiam
839 1521 974 1595 ethnici
998 1521 1027 1595 si
1051 1548 1114 1596 su·
1127 1551 1162 1592 10

5 1650 20 1665 ''
62 1642 301 1740 pervenerint,
316 1651 482 1714 sunctum
501 1641 661 1729 cunibus,
680 1649 715 1713 el
731 1641 855 1738 porcis
872 1630 1114 1738 mergamus,

64 1758 149 1830 licet
178 1785 251 1830 non
279 1783 389 1846 veras,
416 1757 620 1853 jactabunt.
673 1757 953 1857 Simplicitatem
982 1757 1113 1830 volunt

64 1901 139 1946 csse
158 1872 432 1973 prostrationem
451 1873 674 1973 disciplinoe3
701 1873 802 1971 cujus
826 1900 936 1974 penes
960 1865 1030 1945 nos
1049 1898 1114 1945 cu-

63 2018 152 2077 ram,
166 1989 383 2063 lenocinium
402 2004 545 2063 vocant:
564 2017 691 2089 pacem
710 2017 855 2089 quoque
872 1989 1003 2090 passim
1024 1978 1118 2062 cum'

62 2107 234 2181 omnibus
266 2109 429 2178 miscent.
486 2105 590 2178 Nihil
616 2107 713 2179 enirn
745 2107 893 2180 interest
919 2105 1000 2194 illis,
1026 2105 1158 2192 licet15

62 2224 200 2298 diversa
235 2222 481 2311 tractantibus,
515 2222 602 2294 dum
635 2223 679 2295 ad
714 2223 820 2296 unius
857 2222 1012 2296 veritatis
1047 2248 1111 2295 ex-

62 2341 322 2443 pugnationem
354 2338 568 2439 conspirent.
621 2340 760 2413 Omnes
788 2352 952 2424 tument3
982 2331 1116 2412 ornnes

63 2456 248 2530 scientiam
269 2455 493 2555 pollicentur.
546 2455 642 2527 Ante
665 2468 750 2527 sunt
773 2454 922 2555 perfecti
940 2448 1111 2527 catechu-

62 2574 170 2662 meni,
188 2599 297 2670 quam
318 2572 448 2646 edocti.
501 2573 594 2671 Ipsae
613 2572 780 2644 mulieres
803 2571 981 2645 haereticae
999 2597 1109 2669 quam

61 2692 251 2790 procaces!
277 2717 357 2788 quae
376 2689 532 2762 audeant
550 2688 688 2778 docere,
707 2687 935 2776 contendere,
953 2687 1110 2761 exorcis·
1121 2716 1159 2756 20

61 2834 140 2879 mos
176 2833 289 2904 agere,
320 2807 521 2878 curationes
556 2805 814 2905 repromittere,
842 2804 1038 2878 fortassean
1072 2789 1110 2879 et

61 2922 209 3021 tingere,
264 2920 518 2995 Ordinationes
544 2949 668 2995 eorum
695 2921 902 3008 temerariae‚
925 2922 1032 3008 leves,
1053 2922 1109 2995 in-

61 3051 283 3123 constantes3
303 3064 401 3109 nunc
421 3038 623 3138 neophytos
642 3039 844 3129 conlocant,
861 3065 958 3111 nunc
977 3038 1109 3112 saeculo

61 3154 262 3247 obstrictos,
280 3180 379 3226 nunc
404 3166 582 3252 apostatas
608 3167 761 3240 nostros,
778 3167 819 3227 ut
836 3155 948 3252 gloria
966 3181 1026 3226 eos
1045 3155 1109 3227 ob-

11 3327 19 3346 .
60 3273 185 3372 ligent,
210 3272 294 3370 quia
319 3273 465 3344 veritate
491 3298 563 3344 non
591 3284 752 3370 possunt.
805 3271 995 3369 Nusquam
1020 3270 1108 3344 faci·
1119 3296 1154 3356 25

59 3390 129 3461 lius
156 3387 353 3487 proficitur,
380 3414 490 3484 quam
517 3387 555 3459 in
580 3386 704 3459 castris
728 3386 936 3458 rebellium:
963 3386 1025 3458 ubi
1053 3386 1108 3485 ip-

60 3531 140 3577 sum
172 3530 248 3574 esse
277 3503 361 3593 illic,
386 3503 579 3602 promereri
606 3516 670 3577 est.
723 3502 851 3601 Itaque
881 3504 970 3575 alius
999 3502 1107 3576 hodie

61 3619 263 3718 episcopus,
280 3645 355 3691 cras
372 3616 487 3691 ¹alius:
515 3618 622 3691 hodie
647 3619 830 3706 diaconus,
848 3619 910 3718 qui
937 3647 1013 3693 cras
1035 3621 1108 3705 lec-⁴

59 3750 135 3809 tor:
163 3735 270 3808 hodie
287 3738 486 3834 presbyter,
503 3737 564 3834 qui
583 3764 659 3810 cras
678 3739 799 3812 laicus.
835 3737 934 3810 Nam
952 3751 988 3810 et
1006 3737 1106 3811 laicis

61 3850 292 3926 sacerdotalia
309 3878 459 3924 munera
478 3851 682 3950 injungunt.
1116 3878 1155 3936 30

0 3990 3 4005 ’
106 3969 167 4044 De
185 3967 282 4040 verbi
301 3981 422 4041 autem
442 3968 748 4044 administratione
761 3970 848 4069 quid
867 3970 1002 4057 dicam;
1021 3997 1105 4044 cum

12 4083 18 4096 ’
62 4087 131 4160 hoc
150 4085 196 4158 sit
213 4082 397 4183 negotium
418 4085 498 4174 illis,
516 4113 586 4158 non
606 4086 769 4159 ethnicos
787 4086 1028 4176 convertendi,
1044 4084 1104 4158 sed

58 4215 197 4275 nostros
215 4200 420 4274 evertendi?
464 4202 573 4275 Hanc
596 4204 710 4301 magis
728 4202 876 4301 gloriam
898 4217 1056 4304 captant,
1075 4203 1103 4274 si
