2678 4830
335 311 401 375 DE
423 307 581 374 OPERE
605 302 671 370 ET
694 304 1048 371 ELEEMOSYNIS.
1153 305 1218 370 806

170 509 236 582 pro
259 480 406 554 terrenis
426 477 600 568 coelestia,
618 504 684 576 pro
705 477 965 575 temporalibus
990 477 1220 574 sempiterna,

171 627 237 701 pro
261 598 412 671 modicis
436 624 568 696 magna
590 598 772 696 praestarel
797 595 922 669 offerre
945 623 1010 668 nos
1034 595 1143 686 Patri,
1160 595 1218 668 oui

170 742 237 787 nos
262 741 326 787 sua
351 712 634 786 sanctificatione
658 710 824 800 restituit,
847 711 1083 785 aetemitatem
1112 712 1217 785 nobis

170 830 554 927 immortalitatemque
579 827 711 928 largiri,
734 826 780 900 ad
804 854 916 926 quam
942 854 1008 901 nos
1035 826 1218 928 sanguinis

144 947 225 1032 ssui
244 947 485 1019 vivificatione
503 946 690 1043 reparavit,
708 944 855 1017 reduces
873 943 918 1017 ad
935 944 1139 1043 paradisum
1157 945 1220 1018 de-

170 1089 245 1135 nuo
262 1063 389 1151 facere,
407 1089 516 1162 regna
535 1062 710 1135 eoelorum
732 1060 804 1133 fide
821 1074 859 1134 et
875 1061 1023 1134 veritate
1046 1087 1119 1134 suae
1142 1061 1220 1159 pol-

171 1180 379 1253 licitationis
405 1177 562 1277 aperirel
603 1178 697 1251 Hoec
715 1177 874 1250 haereant
891 1177 1042 1250 firmiter
1057 1177 1220 1250 sensibus

170 1297 312 1384 nostris,
331 1297 408 1370 haec
425 1294 672 1394 intelligantur
692 1294 800 1392 plena
818 1294 902 1382 lide,
922 1294 1000 1367 lraec
1017 1293 1124 1366 corde
1142 1307 1219 1367 toto

171 1410 381 1510 diligantur,
399 1411 477 1483 haec
499 1409 778 1482 indesinentium
803 1436 951 1508 operum
981 1409 1222 1510 magnanimi-

127 1541 245 1601 rotate
270 1527 503 1600 redimantur.
555 1526 728 1599 Praeclara
751 1539 787 1598 et
813 1526 932 1599 divina
959 1553 1013 1599 res
1034 1522 1141 1627 (for.
1165 1555 1221 1600 res

172 1650 253 1742 est),
283 1643 406 1715 fratres
441 1642 625 1731 carissimi,
656 1643 819 1716 salutaris
851 1643 1021 1740 operatio,
1053 1643 1219 1716 solatium

172 1760 306 1857 grande
332 1758 567 1848 credentium,
591 1760 789 1832 securitatis
816 1774 947 1832 nostrae
976 1761 1118 1833 salubre
1142 1785 1222 1858 pre·

172 1875 317 1966 sidium,
335 1875 603 1948 munimentum
629 1874 717 1972 spei,
734 1876 849 1947 tutela
866 1875 962 1965 fidei,
980 1873 1121 1948 medela
1139 1901 1222 1974 peo-

172 1993 254 2082 cati,
272 2020 326 2064 res
351 1993 469 2091 posita
491 1991 528 2064 in
554 2003 732 2089 potestate
757 1991 933 2080 facientis,
951 2018 1005 2064 res
1023 2004 1059 2064 ct
1076 1991 1221 2090 grandis

127 2123 208 2201 15et
233 2108 359 2197 facilis,
385 2109 462 2180 siue
484 2107 645 2205 periculo
669 2106 938 2204 persecutionis,
959 2133 1089 2179 corona
1111 2107 1222 2206 pacis,

171 2252 296 2298 verum
322 2223 393 2296 Dei
424 2249 556 2294 munus
582 2235 619 2294 et
645 2221 860 2308 maximum,
879 2220 1031 2294 infirmis
1056 2248 1221 2295 necessa-

172 2342 277 2428 rium,
303 2338 455 2411 fortibus
481 2337 699 2436 gloriosum3
725 2364 799 2435 quo
824 2336 1050 2410 Christianus
1077 2336 1220 2434 adjutus
1290 2424 1298 2435 ι

172 2457 304 2554 perfert
322 2453 470 2552 gratiam
491 2453 700 2552 spiritalem,
718 2465 942 2550 promeretur
958 2452 1146 2526 Christum
1158 2455 1221 2552 ju-

172 2572 302 2660 dicem,
320 2570 442 2642 Deum
467 2581 657 2667 computat
672 2568 883 2642 debitorem.
935 2568 994 2642 Ad
1019 2569 1112 2644 hanc
1134 2597 1221 2670 ope-

126 2714 253 2761 sorum
278 2687 486 2759 salutarium
508 2685 668 2783 palmam
693 2685 846 2757 libenter
864 2712 905 2757 ac
922 2699 1089 2783 prompte
1107 2701 1220 2761 certe-

172 2831 266 2893 mus,
282 2828 409 2875 omnes
433 2801 469 2873 in
494 2826 609 2899 agone
625 2799 777 2896 justitiae
800 2801 883 2874 Deo
900 2819 936 2875 et
953 2802 1101 2889 Christo
1119 2828 1221 2903 spec·

171 2933 271 2993 tante
300 2943 497 3007 curramus,
520 2930 557 2989 et
585 2916 647 3013 qui
677 2918 809 2990 saeculo
836 2934 872 2990 et
901 2917 1039 2991 mundo
1066 2919 1218 3016 majores

172 3063 249 3110 esse
266 3036 343 3133 jam
368 3037 560 3131 coepimus,
577 3060 722 3107 cursum
741 3047 905 3107 nostrum
923 3035 1022 3107 nulla
1043 3036 1161 3109 saeculi
1181 3051 1219 3111 et
1246 3033 1249 3039 ’

173 3151 298 3225 mundi
323 3150 519 3249 cupiditate
544 3149 737 3223 tardemus.
789 3151 827 3223 Si
853 3150 1052 3250 expeditos,
1072 3150 1099 3222 si
1125 3152 1218 3223 cele-

126 3301 161 3362 25
172 3296 237 3358 res,
261 3269 290 3340 si
317 3269 356 3340 in
383 3266 452 3339 hoc
478 3265 594 3365 operis
621 3290 736 3363 agone
762 3279 942 3339 currentes
969 3264 1045 3338 dies
1070 3292 1136 3338 nos
1159 3267 1214 3339 vel

170 3384 355 3459 reditionis
372 3383 428 3455 vel
452 3381 711 3481 persecutionis
735 3380 921 3471 invenerit,
938 3407 1115 3479 nusquam
1140 3382 1219 3455 Do-

172 3504 293 3576 minus
312 3499 448 3574 meritis
466 3497 595 3571 nostris
613 3497 656 3570 ad
675 3497 865 3596 praemium
883 3496 1008 3571 deerit.
1059 3498 1104 3571 ln
1127 3524 1218 3596 paee

171 3616 398 3689 vincentibus
422 3639 591 3688 coronam
615 3611 807 3686 candidam
829 3639 894 3712 pro
916 3612 1083 3710 operibus
1105 3613 1218 3700 dabit,

173 3730 210 3803 in
228 3731 474 3830 perseeutione
490 3755 708 3829 purpuream
725 3729 974 3830 propassione
991 3729 1201 3828 geminabit.
