2678 4830
140 312 205 376 Μ
475 305 855 372 ANNOTATIONES

185 480 222 545 P.
233 496 309 566 314.
324 475 344 540 l.
359 491 410 543 ao.
433 475 602 565 subsiciva]
620 475 809 564 Legendum
823 473 935 542 suadet
950 474 992 539 R·
1052 475 1118 542 tius
1131 500 1204 543 auc-

141 567 277 639 ceaaiva3
294 561 349 627 sed
363 561 507 627 codicum
522 561 678 649 suffragiis
691 561 872 628 destitutus.
917 562 948 626 E
1018 563 1140 628 ectioni
1154 587 1203 628 re-

141 665 241 739 oeptae
266 648 492 714 adhaerendum
519 671 648 723 censeo;
676 664 714 714 ut
737 671 778 713 ex
803 647 857 714 vul
917 585 1109 735 'idquendi
1133 650 1201 715 for·

142 736 239 816 mula,
255 734 311 801 lilii
325 735 414 823 quasi
429 759 468 799 ex
484 748 651 822 parentum
665 734 762 822 stirpe
776 670 1035 800 camiliacinsi
1054 735 1200 800 habean-

143 839 248 901 antur‚
255 821 318 972 pul
337 821 457 885 arboris
476 821 602 907 ingenio
620 820 821 908 respondent.
866 819 928 900 sic,
945 819 1042 884 Rom.
1057 820 1103 886 xi.
1118 845 1201 910 apo-

143 909 242 974 stolus
283 907 390 973 udoeos
409 906 500 972 bonae
515 905 607 972 olivoe
624 929 765 993 germen,
782 919 891 995 gentes
909 906 1035 971 oleastri
1055 930 1128 972 com
1172 908 1200 971 l-

143 995 198 1060 lat.
223 997 268 1060 Et
285 993 383 1059 lsaias
397 992 513 1080 pariter
527 1016 564 1059 ca
588 1015 639 1058 .v.
651 993 810 1059 Israelitaa
823 993 896 1059 vitis
908 1015 1070 1077 generosae
1082 1010 1132 1058 sto
1145 994 1201 1058 oni

143 1095 314 1168 comparat,
328 1079 383 1167 qui
399 1102 458 1177 pro
472 1078 541 1144 uvis
555 1016 671 1144 tiioerat
684 1079 852 1146 labruscas.
898 1077 1042 1165 Epistola
1061 1079 1105 1143 ad
1125 1081 1201 1144 Eu·

144 1166 299 1232 chratium
317 1165 358 1230 de
376 1165 536 1243 histrione,
552 1164 644 1229 simili
662 1165 728 1230 fere
744 1165 840 1231 modo
853 1165 930 1229 dicit
943 1177 1054 1229 auctor
1069 1179 1198 1231 noster:

144 1253 222 1317 Nou
237 1262 339 1340 potest
361 1252 464 1317 videas
485 1273 632 1329 cessasse,
653 1254 709 1339 qui
731 1253 869 1317 chorios
890 1252 1064 1329 substituit,
1088 1254 1200 1350 etqui

139 1361 203 1425 pro
221 1360 255 1403 se
271 1361 335 1402 uno
351 1338 462 1425 plures
476 1338 677 1403 accium
690 1341 849 1426 aaggrrit.
880 1339 988 1402 Fata.
1034 1336 1201 1424 Rigaltrus

144 1424 280 1489 malebat
294 1426 480 1488 successiva.
514 1426 619 1501 Quam
633 1423 795 1489 lectionem
811 1448 870 1511 ego
884 1422 1079 1512 deprehendi
1094 1423 1128 1487 in
1143 1424 1201 1488 ali-

144 1524 223 1597 quot
243 1509 374 1574 vetustis
394 1509 634 1597 exemplaribus.
682 1512 723 1574 In
745 1509 851 1576 codice
873 1510 1021 1574 Beocensi
1043 1509 1199 1598 scriptum

144 1611 191 1660 est
215 1597 374 1660 araeddua.
405 1596 536 1661 Banuz.
580 1597 682 1660 Extat
706 1596 739 1660 in
762 1597 830 1660 cod.
857 1595 939 1660 Novi
967 1594 1049 1660 Coll.
1075 1613 1107 1663 2.
1134 1620 1200 1661 vox

143 1685 330 1759 mceaaivo,
348 1681 380 1745 in
400 1681 506 1746 codice
523 1704 594 1746 meo
612 1684 819 1747 Tewaterano
838 1682 999 1762 maduo,
1016 1681 1071 1747 sed
1090 1682 1126 1747 in
1145 1707 1197 1749 co·

145 1766 213 1830 dice
230 1767 309 1830 Vict.
324 1766 412 1853 apud
426 1767 501 1831 edit.
519 1770 624 1831 Oxon.
637 1769 802 1832 succediuo
816 1766 845 1832 le
869 1767 943 1832 tur.

191 1851 274 1915 Ibid.
297 1850 317 1915 l.
337 1870 389 1931 24.
416 1875 481 1915 esse
507 1851 613 1937 talem]
642 1855 744 1918 Extat
770 1853 802 1918 in
824 1791 901 1919 edit.
926 1853 1110 1931 Baluaiana,
1134 1875 1200 1918 case

146 1961 178 2002 se
200 1938 293 2002 talem
314 1959 390 2015 non,
414 1951 451 2000 ut
472 1937 560 2023 prius
582 1938 719 2023 positum
742 1953 820 2017 erat,
841 1961 907 2005 esse
928 1953 959 2004 te
981 1940 1086 2004 talem.
1136 1940 1199 2004 Sed

145 2023 287 2111 expunxi
300 2045 344 2102 se,
359 2023 446 2110 quod
466 2046 506 2087 ex
528 2023 625 2110 priori
639 2047 715 2089 voce
733 2040 838 2089 ortum
857 2048 923 2089 esse
936 2040 1044 2111 queat,
1059 2026 1198 2090 auctori-

146 2124 209 2175 tate
231 2110 325 2174 nixus
346 2110 439 2174 codd.
462 2109 598 2174 duorum
621 2110 710 2197 apud
729 2111 806 2176 edit.
829 2114 934 2176 Oxon.
957 2124 989 2175 et
1011 2113 1088 2175 MS.
1113 2113 1200 2176 Novi

146 2196 230 2262 Coll.
249 2217 276 2263 2.
292 2211 324 2260 et
344 2196 509 2282 utriusque
527 2196 600 2261 mei.
645 2197 755 2261 Habet
775 2220 850 2262 vero
870 2219 935 2263 ease
954 2211 985 2261 te
1005 2198 1099 2262 talem
1120 2199 1196 2262 MS.

149 2281 234 2347 Novi
251 2283 330 2347 Coll.
350 2304 379 2346 1.
419 2285 501 2346 Mox
520 2297 592 2370 post
610 2306 718 2347 vocem
728 2285 919 2369 firmandus
933 2283 986 2346 lin.
998 2303 1053 2369 31.
1068 2285 1201 2350 additur

148 2370 179 2433 in
196 2369 296 2433 MSto
310 2390 380 2432 meo
393 2368 467 2432 olim
484 2369 638 2433 Tewater.
654 2378 684 2433 ct
697 2370 873 2434 ornandus.

193 2453 277 2518 Ibid.
299 2453 322 2516 l.
337 2474 390 2538 33.
415 2452 566 2518 Salutaris
585 2454 725 2540 operatio
760 2457 809 2518 H.
822 2478 848 2518 e.
872 2455 1068 2541 eleemosyna
1090 2453 1201 2519 salutis

148 2555 273 2605 aeternae
288 2539 408 2603 efficax.
449 2542 524 2603 Jam
540 2555 613 2605 ante
627 2540 711 2604 idem
736 2540 876 2628 oquendi
890 2541 1003 2605 modus
1017 2541 1123 2606 extitit
1139 2542 1201 2606 sub

146 2626 240 2690 finem
255 2625 327 2688 libri
341 2627 378 2690 de
396 2627 497 2712 Opere
511 2637 541 2692 st
554 2628 773 2714 Eleemosyau.

189 2712 228 2776 P.
245 2731 321 2797 315.
344 2710 364 2775 l.
382 2731 436 2796 30.
460 2712 500 2775 de
525 2727 717 2778 sacramento
742 2713 843 2777 crucis
866 2727 897 2777 et
919 2713 1025 2777 cibum
1048 2711 1145 2776 sumis
1168 2727 1202 2776 et

145 2800 270 2884 potum]
290 2799 353 2861 Per
371 2811 599 2862 sacramentum
613 2799 713 2862 crucis
727 2798 778 2862 hic
792 2798 939 2885 intelligit
954 2798 1134 2886 Cyprianus
1150 2810 1202 2862 to-

147 2897 216 2946 tum
235 2882 354 2946 Christi
373 2883 406 2944 iu
426 2906 555 2968 corpore
576 2883 716 2948 humano
735 2897 955 2962 commeatum,
971 2909 1036 2971 quo
1055 2883 1203 2970 redemp-

146 2968 261 3033 tionem
293 2967 417 3032 Israelis
444 2969 574 3055 peregit.
615 2971 773 3057 Exempla
799 2971 913 3036 scihcet
941 2985 972 3035 et
999 2971 1107 3048 verba,
1134 2969 1203 3035 sive

146 3054 295 3118 mandata
318 3053 447 3131 Christi,
467 3077 604 3140 quorum
622 3056 839 3121 observatione
858 3056 972 3121 alimur
993 3058 1025 3120 in
1049 3069 1202 3121 aeternam

147 3139 255 3218 vitam,
271 3165 307 3205 ac
322 3140 494 3227 praesertim
513 3164 570 3228 per
590 3164 727 3220 crucem,
742 3142 802 3208 hoc
816 3156 863 3207 est
877 3143 1050 3229 passionem
1066 3157 1098 3207 et
1113 3165 1201 3206 mor-

147 3238 221 3291 tem.
245 3230 398 3292 Rroatr.
431 3227 496 3292 Hic
510 3228 699 3292 mentionem
714 3229 789 3293 facit
801 3243 911 3293 auctor
923 3243 991 3293 tum
1006 3252 1078 3294 esus
1092 3243 1123 3292 et
1138 3252 1200 3314 po-

148 3324 200 3377 tus
214 3313 247 3377 iu
262 3328 456 3378 sacramento
470 3316 570 3379 crucis
584 3339 639 3379 seu
654 3315 762 3378 mortis
778 3314 908 3394 Christi,
925 3339 998 3401 quae
1012 3314 1202 3380 eucharistia

147 3411 205 3477 est,
234 3413 302 3464 tum
328 3401 482 3464 virtutum
507 3401 688 3478 clementiae,
712 3400 807 3486 paciS,
833 3400 1004 3480 charitatis,
1027 3425 1100 3486 quae
1125 3423 1201 3464 cum

64 3495 68 3500 ’
148 3499 340 3550 sacramento
354 3486 408 3550 illo
420 3487 668 3574 conjunguntur.
703 3489 804 3550 Porro
819 3509 916 3574 aquas
929 3487 1017 3575 apud
1034 3486 1200 3551 Merrham

148 3592 205 3656 per
221 3570 342 3655 lignum
363 3570 470 3635 dulces
490 3572 587 3637 factas
606 3573 774 3659 imaginem
789 3596 844 3638 seu
859 3574 993 3660 liguram
1008 3596 1074 3638 esse
1088 3595 1201 3637 earun-

148 3656 222 3720 dem
236 3656 391 3720 virtutum
407 3656 492 3720 dicit.

193 3744 232 3806 P.
248 3745 322 3840 3‚1⁶·
346 3741 366 3805 l.
384 3761 413 3809 a.
436 3741 571 3831 labores]
595 3744 668 3807 Hoc
688 3765 747 3828 pro
766 3745 877 3810 futuro
896 3745 1053 3810 taboratis
1075 3754 1112 3806 ut
1130 3743 1200 3808 loco

148 3829 383 3892 convementius
403 3827 561 3905 substitui,
577 3828 744 3892 editionem
760 3831 933 3918 principem
948 3843 980 3895 et
994 3830 1132 3894 codicem
1146 3852 1200 3894 ve-

149 3915 311 3979 tustiorem
326 3938 431 3979 meum
447 3927 581 3979 secutus.
613 3916 675 3980 Est
688 3929 794 3980 autem
803 3918 1027 4004 prosperanda
1041 3916 1199 3993 ualetudo,

149 4022 221 4085 quae
236 4025 253 4064 e
276 4015 317 4079 et,
334 4016 370 4065 ut
384 4000 503 4064 firmior
516 4000 582 4064 fiat.

195 4025 279 4152 Ibid.
302 4087 321 4150 l.
338 4104 370 4173 5.
395 4087 428 4151 Si
452 4085 561 4151 sectari
586 4109 648 4151 non
671 4089 775 4176 potes]
804 4086 928 4174 Vulgo;
956 4090 997 4152 Si
1021 4096 1126 4151 autem
1147 4107 1200 4150 eoa

149 4175 263 4236 sectori
280 4196 343 4237 uon
361 4183 461 4260 polea.
508 4171 695 4238 Editionum
712 4173 918 4238 vetustiorum
932 4172 1096 4237 lectionem
1110 4193 1200 4235 revo-

149 4257 228 4336 cavi,
245 4281 318 4344 quae
337 4282 409 4323 cum
429 4283 447 4324 a
467 4258 609 4346 Rigaltio
627 4261 771 4347 probata,
792 4273 860 4324 tum
878 4259 1037 4324 codicibus
1056 4257 1199 4346 quinque
