2678 4830
308 341 372 403 DE
395 340 797 405 PRAESCRIPTIONE
821 340 947 406 ΗΕΒ.
1090 343 1154 410 147

156 510 228 584 His
254 511 526 585 definitionibus
552 525 753 612 provocatae
779 539 799 585 a
825 512 930 587 nobis
952 523 988 585 et
1011 511 1152 588 revictoe
1197 534 1280 586 cnr.

105 627 257 702 haereses
283 655 408 702 omnes
427 629 515 724 (sive
538 656 619 728 quae
641 643 804 728 posterae,
825 630 898 703 sive
919 656 1000 727 quae
1025 644 1153 705 eoaets-
1182 601 1293 652 ΚΜ

104 769 181 817 neoe
200 745 456 843 apostolorum,
472 744 675 820 dummodo
692 745 839 819 diversae
849 776 859 830 ;
887 745 960 818 sive
978 746 1154 844 generali-

104 872 169 951 ter,
192 859 267 934 sive
293 863 495 962 specialiter
519 876 652 937 notatae
679 864 725 936 ab
751 862 814 952 eis,
838 861 1038 936 dummodo
1063 890 1154 962 prae-

76 975 298 1068 5darnnatae)
313 978 468 1053 audeant
480 980 695 1080 respondere
707 977 807 1081 (sor.
817 982 1003 1079 reponere)
1015 993 1052 1052 et
1064 979 1153 1079 ipsae

105 1091 242 1191 aliquas
272 1094 449 1191 ejusmodi
481 1095 766 1195 praescriptiones
797 1095 963 1168 adversus
992 1108 1150 1169 nostram

104 1207 345 1310 disciplinam.
398 1211 436 1283 Si
464 1211 563 1285 enirn
592 1224 727 1309 negant
755 1210 944 1285 veritatem
974 1211 1064 1308 ejus,
1091 1210 1153 1285 de-

105 1327 194 1400 bent
208 1329 361 1426 probare
384 1327 483 1400 illam
501 1354 645 1426 quoque
663 1327 812 1401 haeresin
830 1354 918 1417 esse,
936 1327 1061 1401 eadem
1080 1327 1153 1401 for·

105 1469 165 1517 ma
195 1443 380 1531 revictam,
406 1472 479 1543 qua
504 1445 591 1544 ipsae
617 1445 867 1529 revincuntur;
903 1457 939 1517 et
965 1444 1153 1518 ostendere

59 1559 225 1645 rosimul,
240 1561 387 1634 ubinam
406 1561 598 1658 quaerenda
615 1561 662 1634 sit
678 1562 819 1652 veritas,
830 1587 941 1659 quam
960 1561 1057 1661 apud
1074 1562 1152 1635 illas

105 1702 177 1750 non
196 1704 273 1752 esse
284 1677 362 1775 jam
382 1691 532 1752 constat.
584 1678 762 1752 Posterior
778 1692 899 1751 nostra
916 1706 971 1752 res
989 1705 1061 1751 non
1080 1692 1152 1752 est:

105 1793 220 1868 immo
249 1797 420 1869 omnibus
451 1797 549 1896 prior
575 1807 641 1869 est.
694 1795 780 1868 Hoc
807 1794 875 1867 erit
904 1795 1153 1869 testimonium

104 1912 263 1986 veritatis
281 1912 417 2010 ubique
434 1912 646 2013 occupantis
669 1912 927 2012 principatum.
981 1913 1088 1996 Quod
1108 1915 1154 1988 ab

105 2030 275 2129 apostolis
304 2030 429 2128 utique
456 2057 527 2102 non
556 2030 758 2118 damnatur,
784 2029 900 2102 immo
926 2029 1152 2115 defenditur;

59 2145 175 2238 15hoe
204 2146 271 2219 erit
300 2146 475 2220 indicium
505 2145 744 2247 proprietatis.
798 2146 917 2228 Quam
949 2144 1047 2218 enirn
1079 2172 1152 2219 non

104 2263 280 2338 damnant
314 2265 376 2363 qui
414 2277 621 2338 extraneam
663 2288 846 2362 quamque
883 2262 1154 2353 damnaverunt,

105 2406 205 2454 suam
224 2381 432 2471 ostendunt,
449 2380 601 2480 ideoque
618 2395 654 2454 et
671 2379 882 2453 defendunt.

153 2496 234 2596 Age
253 2497 330 2594 jam
358 2497 421 2597 qui
445 2498 542 2570 voles
564 2497 805 2570 curiositatem
834 2495 963 2570 melius
987 2521 1152 2568 exercere
1198 2523 1281 2572 cnr.

104 2611 141 2685 in
168 2615 315 2713 negotio
343 2613 467 2688 salutis
497 2628 589 2700 tuae3
620 2641 786 2714 percurre
815 2612 983 2687 ecclesias
1010 2624 1153 2711 aposto·
1176 2589 1300 2639 xxm

57 2728 211 2804 relicus:
238 2729 335 2830 apud
352 2758 441 2828 quas
458 2732 548 2830 ipsae
567 2730 686 2804 adhuc
704 2729 885 2803 cathedrae
907 2729 1152 2828 apostolorum

104 2848 177 2921 suis
207 2847 295 2921 locis
325 2847 540 2946 proesident3
576 2847 670 2948 apud
702 2873 790 2945 quas
818 2846 906 2946 ipsae
934 2843 1153 2918 authenticae

104 2962 231 3037 litterae
249 2991 374 3037 eorum
398 2964 605 3054 recitantur,
626 2977 793 3037 sonantes
811 2989 950 3050 vocem,
968 2974 1005 3035 et
1026 2986 1154 3059 reprae-

104 3092 284 3154 sentantes
309 3080 440 3155 faciem
467 3081 760 3180 uniuscujusque.
812 3079 980 3153 Proxima
1005 3075 1151 3150 esttibi

103 3196 265 3271 Achaia?
290 3198 401 3270 habes
418 3198 649 3271 Corinthum.
702 3198 739 3271 Si
759 3223 832 3270 non
850 3198 957 3293 longe
974 3221 1012 3267 es
1031 3220 1052 3266 a
1069 3191 1158 3265 Ma.

58 3343 94 3405 25
105 3314 266 3406 eedonia,
277 3315 388 3387 habes
399 3314 601 3413 Philippos,
614 3315 725 3387 habes
736 3309 1084 3387 Thessalonicenses.
1112 3309 1150 3382 Si

104 3445 207 3531 potes
224 3431 262 3504 in
279 3431 404 3504 Asiam
425 3430 582 3521 tendere,
600 3431 712 3503 habes
729 3428 931 3529 Ephesum.
972 3426 1011 3500 Si
1028 3440 1151 3499 autem

104 3549 220 3622 Italiae
243 3548 395 3645 adjaces,
424 3547 533 3620 habes
561 3548 731 3638 Romam,
757 3545 853 3619 unde
878 3544 982 3618 nobis
1008 3569 1152 3642 quoque

104 3665 302 3739 authoritas
331 3678 461 3763 praesto
492 3677 556 3737 est.
615 3664 690 3737 Ista
723 3690 832 3762 quarn
863 3661 951 3735 felix
980 3659 1153 3735 eeclesia!

104 3781 161 3854 cui
189 3794 304 3854 totam
339 3779 539 3854 doctrinam
576 3780 728 3880 apostoli
764 3805 849 3852 cum
883 3778 1057 3876 sanguine
1087 3802 1152 3850 suo

56 3931 95 3986 30
103 3898 363 3997 profuderunt:
404 3897 466 3970 ubi
502 3897 626 3970 Petrus
661 3895 817 3996 passioni
851 3894 1057 3968 Dominicae
1091 3892 1153 3967 ad·

103 4028 287 4114 aequatur:
316 4015 378 4088 ubi
403 4015 536 4089 Paulus
552 4013 706 4088 Joannis
727 4011 826 4086 exitu
852 4023 1062 4085 coronatur:
1089 4009 1150 4081 ubi

103 4134 287 4232 apostolus
312 4133 473 4206 Joannes
500 4144 625 4231 postea
652 4156 762 4229 quam
789 4129 826 4201 in
853 4129 974 4202 oleum
1003 4127 1150 4224 igneum

103 4249 288 4322 demersus
318 4249 407 4322 nihil
444 4274 568 4348 passus
599 4261 665 4337 est,
695 4248 732 4320 in
767 4246 920 4319 insulam
952 4244 1150 4341 relegatur}

621 4385 639 4426 n
657 4382 675 4428 2
