<?xml version="1.0" encoding="UTF-8"?>
<!DOCTYPE html PUBLIC "-//W3C//DTD XHTML 1.0 Transitional//EN"
    "http://www.w3.org/TR/xhtml1/DTD/xhtml1-transitional.dtd">
<html xmlns="http://www.w3.org/1999/xhtml" xml:lang="en" lang="en">
 <head>
  <title>
</title>
<meta http-equiv="Content-Type" content="text/html;charset=utf-8" />
  <meta name='ocr-system' content='tesseract 3.04.00' />
  <meta name='ocr-capabilities' content='ocr_page ocr_carea ocr_par ocr_line ocrx_word'/>
</head>
<body>
  <div class='ocr_page' id='page_1' title='image "./scriptorumeccle00unkngoog_0215.png"; bbox 0 0 2678 4830; ppageno 0'>
   <div class='ocr_carea' id='block_1_1' title="bbox 160 325 873 398">
    <p class='ocr_par' dir='ltr' id='par_1_1' title="bbox 160 325 873 398">
     <span class='ocr_line' id='line_1_1' title="bbox 160 325 873 398; baseline -0.003 -6"><span class='ocrx_word' id='word_1_1' title='bbox 160 327 224 398; x_wconf 90' lang='grc'>196</span> <span class='ocrx_word' id='word_1_2' title='bbox 492 325 873 390; x_wconf 83' lang='lat' dir='ltr'><strong>ANNOTATIONES</strong></span> 
     </span>
    </p>
   </div>
   <div class='ocr_carea' id='block_1_2' title="bbox 160 496 1214 4368">
    <p class='ocr_par' dir='ltr' id='par_1_2' title="bbox 160 496 1210 669">
     <span class='ocr_line' id='line_1_2' title="bbox 160 496 1210 586; baseline -0.003 -21"><span class='ocrx_word' id='word_1_3' title='bbox 160 501 265 586; x_wconf 91' lang='lat' dir='ltr'>cap.6.</span> <span class='ocrx_word' id='word_1_4' title='bbox 282 497 367 572; x_wconf 79' lang='lat' dir='ltr'>Quid</span> <span class='ocrx_word' id='word_1_5' title='bbox 380 497 429 560; x_wconf 82' lang='lat' dir='ltr'>aa</span> <span class='ocrx_word' id='word_1_6' title='bbox 440 518 510 559; x_wconf 86' lang='lat' dir='ltr'>cnm</span> <span class='ocrx_word' id='word_1_7' title='bbox 521 496 624 572; x_wconf 88' lang='lat' dir='ltr'>Mose,</span> <span class='ocrx_word' id='word_1_8' title='bbox 635 498 690 582; x_wconf 84' lang='lat' dir='ltr'>qai</span> <span class='ocrx_word' id='word_1_9' title='bbox 701 498 806 560; x_wconf 86' lang='lat' dir='ltr'>Deam</span> <span class='ocrx_word' id='word_1_10' title='bbox 816 497 921 561; x_wconf 88' lang='lat' dir='ltr'>Masis</span> <span class='ocrx_word' id='word_1_11' title='bbox 932 497 1055 581; x_wconf 75' lang='lat' dir='ltr'>rejicit?</span> <span class='ocrx_word' id='word_1_12' title='bbox 1070 498 1110 561; x_wconf 88' lang='lat' dir='ltr'>Si</span> <span class='ocrx_word' id='word_1_13' title='bbox 1121 499 1210 562; x_wconf 85' lang='lat' dir='ltr'>alias</span> 
     </span>
     <span class='ocr_line' id='line_1_3' title="bbox 161 581 1118 669; baseline -0.004 -20"><span class='ocrx_word' id='word_1_14' title='bbox 161 588 252 649; x_wconf 84' lang='lat' dir='ltr'>Dens</span> <span class='ocrx_word' id='word_1_15' title='bbox 266 593 322 661; x_wconf 86' lang='lat' dir='ltr'>est,</span> <span class='ocrx_word' id='word_1_16' title='bbox 338 582 427 646; x_wconf 89' lang='lat' dir='ltr'>aliter</span> <span class='ocrx_word' id='word_1_17' title='bbox 440 583 506 646; x_wconf 86' lang='lat' dir='ltr'>sint</span> <span class='ocrx_word' id='word_1_18' title='bbox 520 603 572 646; x_wconf 87' lang='lat' dir='ltr'>res</span> <span class='ocrx_word' id='word_1_19' title='bbox 586 583 666 668; x_wconf 72' lang='lat' dir='ltr'>ey&#39;as,</span> <span class='ocrx_word' id='word_1_20' title='bbox 680 581 712 644; x_wconf 96' lang='lat' dir='ltr'>h.</span> <span class='ocrx_word' id='word_1_21' title='bbox 723 606 752 645; x_wconf 91' lang='lat' dir='ltr'>e.</span> <span class='ocrx_word' id='word_1_22' title='bbox 768 581 808 645; x_wconf 89' lang='lat' dir='ltr'>ad</span> <span class='ocrx_word' id='word_1_23' title='bbox 824 582 919 645; x_wconf 90' lang='lat' dir='ltr'>alium</span> <span class='ocrx_word' id='word_1_24' title='bbox 934 582 1118 669; x_wconf 87' lang='lat' dir='ltr'>pertineant.</span> 
     </span>
    </p>

    <p class='ocr_par' dir='ltr' id='par_1_3' title="bbox 161 667 1212 2305">
     <span class='ocr_line' id='line_1_4' title="bbox 206 667 1211 756; baseline -0.002 -21"><span class='ocrx_word' id='word_1_25' title='bbox 206 673 243 735; x_wconf 92' lang='lat' dir='ltr'>P.</span> <span class='ocrx_word' id='word_1_26' title='bbox 258 689 329 752; x_wconf 79' lang='lat'>142.</span> <span class='ocrx_word' id='word_1_27' title='bbox 345 669 366 733; x_wconf 93' lang='lat' dir='ltr'>l.</span> <span class='ocrx_word' id='word_1_28' title='bbox 378 689 432 754; x_wconf 82' lang='lat'>33.</span> <span class='ocrx_word' id='word_1_29' title='bbox 448 667 491 731; x_wconf 89' lang='lat' dir='ltr'>sic</span> <span class='ocrx_word' id='word_1_30' title='bbox 505 667 588 731; x_wconf 91' lang='lat' dir='ltr'>enim</span> <span class='ocrx_word' id='word_1_31' title='bbox 602 667 758 755; x_wconf 82' lang='lat' dir='ltr'>apostolos</span> <span class='ocrx_word' id='word_1_32' title='bbox 773 667 850 732; x_wconf 92' lang='lat' dir='ltr'>solet</span> <span class='ocrx_word' id='word_1_33' title='bbox 864 669 977 752; x_wconf 86' lang='lat' dir='ltr'>facere]</span> <span class='ocrx_word' id='word_1_34' title='bbox 997 670 1080 732; x_wconf 86' lang='lat' dir='ltr'>Haec</span> <span class='ocrx_word' id='word_1_35' title='bbox 1094 669 1211 756; x_wconf 91' lang='lat' dir='ltr'>depra-</span> 
     </span>
     <span class='ocr_line' id='line_1_5' title="bbox 162 753 1208 840; baseline -0.003 -18"><span class='ocrx_word' id='word_1_36' title='bbox 162 770 235 822; x_wconf 84' lang='lat' dir='ltr'>vata</span> <span class='ocrx_word' id='word_1_37' title='bbox 253 779 319 820; x_wconf 88' lang='lat' dir='ltr'>esse</span> <span class='ocrx_word' id='word_1_38' title='bbox 341 767 495 820; x_wconf 82' lang='lat' dir='ltr'><strong>testantur</strong></span> <span class='ocrx_word' id='word_1_39' title='bbox 514 753 654 840; x_wconf 70' lang='lat' dir='ltr'>reliquias</span> <span class='ocrx_word' id='word_1_40' title='bbox 669 754 744 832; x_wconf 90' lang='lat' dir='ltr'>veri,</span> <span class='ocrx_word' id='word_1_41' title='bbox 760 778 839 839; x_wconf 92' lang='lat' dir='ltr'>quas</span> <span class='ocrx_word' id='word_1_42' title='bbox 858 753 947 818; x_wconf 88' lang='lat' dir='ltr'>nobis</span> <span class='ocrx_word' id='word_1_43' title='bbox 967 754 1100 818; x_wconf 87' lang='lat' dir='ltr'>servavit</span> <span class='ocrx_word' id='word_1_44' title='bbox 1115 758 1208 840; x_wconf 85' lang='lat' dir='ltr'>Ago-</span> 
     </span>
     <span class='ocr_line' id='line_1_6' title="bbox 162 839 1210 928; baseline -0.004 -19"><span class='ocrx_word' id='word_1_45' title='bbox 162 841 252 909; x_wconf 81' lang='lat' dir='ltr'>bardi</span> <span class='ocrx_word' id='word_1_46' title='bbox 271 841 441 928; x_wconf 88' lang='lat' dir='ltr'>exemplar.</span> <span class='ocrx_word' id='word_1_47' title='bbox 487 841 547 904; x_wconf 84' lang='lat' dir='ltr'>Eoe</span> <span class='ocrx_word' id='word_1_48' title='bbox 562 856 636 905; x_wconf 90' lang='lat' dir='ltr'>sunt</span> <span class='ocrx_word' id='word_1_49' title='bbox 653 839 852 925; x_wconf 86' lang='lat' dir='ltr'>hujusmodi:</span> <span class='ocrx_word' id='word_1_50' title='bbox 870 842 928 905; x_wconf 89' lang='lat' dir='ltr'>Sic</span> <span class='ocrx_word' id='word_1_51' title='bbox 946 842 1028 904; x_wconf 88' lang='lat' dir='ltr'>enim</span> <span class='ocrx_word' id='word_1_52' title='bbox 1048 843 1210 927; x_wconf 82' lang='lat' dir='ltr'>apostolas</span> 
     </span>
     <span class='ocr_line' id='line_1_7' title="bbox 163 927 1209 1016; baseline -0.004 -22"><span class='ocrx_word' id='word_1_53' title='bbox 163 929 340 1016; x_wconf 70' lang='lat' dir='ltr'>descripsit,</span> <span class='ocrx_word' id='word_1_54' title='bbox 369 927 456 993; x_wconf 86' lang='lat' dir='ltr'>Solet</span> <span class='ocrx_word' id='word_1_55' title='bbox 470 927 608 1012; x_wconf 87' lang='lat' dir='ltr'>facere‚·</span> <span class='ocrx_word' id='word_1_56' title='bbox 641 927 720 990; x_wconf 88' lang='lat' dir='ltr'>dare</span> <span class='ocrx_word' id='word_1_57' title='bbox 742 935 901 1012; x_wconf 79' lang='lat' dir='ltr'>praterea</span> <span class='ocrx_word' id='word_1_58' title='bbox 926 929 1074 990; x_wconf 85' lang='lat' dir='ltr'>virtatem</span> <span class='ocrx_word' id='word_1_59' title='bbox 1100 927 1209 990; x_wconf 87' lang='lat' dir='ltr'>eadem</span> 
     </span>
     <span class='ocr_line' id='line_1_8' title="bbox 161 1011 1208 1103; baseline -0.003 -25"><span class='ocrx_word' id='word_1_60' title='bbox 161 1019 262 1103; x_wconf 67' lang='lat' dir='ltr'>sigim</span> <span class='ocrx_word' id='word_1_61' title='bbox 282 1015 394 1078; x_wconf 82' lang='lat' dir='ltr'>edendi</span> <span class='ocrx_word' id='word_1_62' title='bbox 414 1034 484 1099; x_wconf 78' lang='lat' dir='ltr'>qna</span> <span class='ocrx_word' id='word_1_63' title='bbox 504 1014 629 1100; x_wconf 89' lang='lat' dir='ltr'>etipse.</span> <span class='ocrx_word' id='word_1_64' title='bbox 676 1011 843 1097; x_wconf 87' lang='lat' dir='ltr'>Superflua</span> <span class='ocrx_word' id='word_1_65' title='bbox 860 1028 934 1076; x_wconf 89' lang='lat' dir='ltr'>sunt</span> <span class='ocrx_word' id='word_1_66' title='bbox 953 1012 1031 1089; x_wconf 85' lang='lat' dir='ltr'>haec,</span> <span class='ocrx_word' id='word_1_67' title='bbox 1047 1013 1208 1098; x_wconf 80' lang='lat' dir='ltr'>Sotetflt-</span> 
     </span>
     <span class='ocr_line' id='line_1_9' title="bbox 163 1097 1209 1179; baseline -0.005 -12"><span class='ocrx_word' id='word_1_68' title='bbox 163 1123 241 1167; x_wconf 85' lang='lat' dir='ltr'>cere.</span> <span class='ocrx_word' id='word_1_69' title='bbox 279 1103 359 1179; x_wconf 79' lang='lat' dir='ltr'>Quae</span> <span class='ocrx_word' id='word_1_70' title='bbox 377 1099 401 1163; x_wconf 92' lang='lat' dir='ltr'>si</span> <span class='ocrx_word' id='word_1_71' title='bbox 421 1099 615 1174; x_wconf 86' lang='lat' dir='ltr'>auferantur,</span> <span class='ocrx_word' id='word_1_72' title='bbox 629 1097 791 1162; x_wconf 89' lang='lat' dir='ltr'>residuum</span> <span class='ocrx_word' id='word_1_73' title='bbox 806 1099 864 1162; x_wconf 91' lang='lat' dir='ltr'>erit</span> <span class='ocrx_word' id='word_1_74' title='bbox 879 1099 1041 1162; x_wconf 86' lang='lat' dir='ltr'>sincerum.</span> <span class='ocrx_word' id='word_1_75' title='bbox 1081 1098 1115 1162; x_wconf 89' lang='lat' dir='ltr'>Si</span> <span class='ocrx_word' id='word_1_76' title='bbox 1128 1121 1209 1162; x_wconf 91' lang='lat' dir='ltr'>eun·</span> 
     </span>
     <span class='ocr_line' id='line_1_10' title="bbox 163 1183 1209 1334; baseline -0.006 -81"><span class='ocrx_word' id='word_1_77' title='bbox 163 1188 246 1266; x_wconf 90' lang='lat' dir='ltr'>dem,</span> <span class='ocrx_word' id='word_1_78' title='bbox 262 1186 376 1273; x_wconf 92' lang='lat' dir='ltr'>inquit,</span> <span class='ocrx_word' id='word_1_79' title='bbox 391 1188 497 1249; x_wconf 91' lang='lat' dir='ltr'>Deum</span> <span class='ocrx_word' id='word_1_80' title='bbox 513 1184 696 1334; x_wconf 69' lang='lat' dir='ltr'>ppaedicant,</span> <span class='ocrx_word' id='word_1_81' title='bbox 712 1184 803 1270; x_wconf 85' lang='lat' dir='ltr'>cujus</span> <span class='ocrx_word' id='word_1_82' title='bbox 817 1185 912 1248; x_wconf 91' lang='lat' dir='ltr'>rebus</span> <span class='ocrx_word' id='word_1_83' title='bbox 925 1198 957 1248; x_wconf 92' lang='lat' dir='ltr'>et</span> <span class='ocrx_word' id='word_1_84' title='bbox 976 1183 1087 1248; x_wconf 91' lang='lat' dir='ltr'>litteris</span> <span class='ocrx_word' id='word_1_85' title='bbox 1101 1199 1133 1248; x_wconf 92' lang='lat' dir='ltr'>et</span> <span class='ocrx_word' id='word_1_86' title='bbox 1150 1207 1209 1248; x_wconf 93' lang='lat' dir='ltr'>no-</span> 
     </span>
     <span class='ocr_line' id='line_1_11' title="bbox 161 1270 1209 1356; baseline -0.003 -18"><span class='ocrx_word' id='word_1_87' title='bbox 161 1273 298 1338; x_wconf 84' lang='lat' dir='ltr'>minibus</span> <span class='ocrx_word' id='word_1_88' title='bbox 329 1286 462 1337; x_wconf 89' lang='lat' dir='ltr'>utuntur</span> <span class='ocrx_word' id='word_1_89' title='bbox 492 1272 518 1334; x_wconf 90' lang='lat' dir='ltr'>C</span> <span class='ocrx_word' id='word_1_90' title='bbox 543 1270 673 1348; x_wconf 88' lang='lat' dir='ltr'>ristiani,</span> <span class='ocrx_word' id='word_1_91' title='bbox 699 1271 834 1355; x_wconf 90' lang='lat' dir='ltr'><strong>probent</strong></span> <span class='ocrx_word' id='word_1_92' title='bbox 863 1294 896 1334; x_wconf 90' lang='lat' dir='ltr'>se</span> <span class='ocrx_word' id='word_1_93' title='bbox 924 1292 1022 1333; x_wconf 91' lang='lat' dir='ltr'>novos</span> <span class='ocrx_word' id='word_1_94' title='bbox 1051 1270 1209 1356; x_wconf 86' lang='lat' dir='ltr'>apostolos</span> 
     </span>
     <span class='ocr_line' id='line_1_12' title="bbox 161 1355 1208 1445; baseline -0.004 -21"><span class='ocrx_word' id='word_1_95' title='bbox 161 1383 246 1434; x_wconf 87' lang='lat' dir='ltr'>esse;</span> <span class='ocrx_word' id='word_1_96' title='bbox 270 1374 365 1445; x_wconf 90' lang='lat' dir='ltr'>atque</span> <span class='ocrx_word' id='word_1_97' title='bbox 386 1357 466 1422; x_wconf 90' lang='lat' dir='ltr'>adeo</span> <span class='ocrx_word' id='word_1_98' title='bbox 484 1356 591 1422; x_wconf 91' lang='lat' dir='ltr'>dicant</span> <span class='ocrx_word' id='word_1_99' title='bbox 613 1355 775 1421; x_wconf 84' lang='lat' dir='ltr'><strong>Christum</strong></span> <span class='ocrx_word' id='word_1_100' title='bbox 794 1355 907 1420; x_wconf 87' lang='lat' dir='ltr'>iterum</span> <span class='ocrx_word' id='word_1_101' title='bbox 930 1356 1134 1433; x_wconf 85' lang='lat' dir='ltr'>descendisse,</span> <span class='ocrx_word' id='word_1_102' title='bbox 1149 1356 1208 1421; x_wconf 87' lang='lat' dir='ltr'>ite-</span> 
     </span>
     <span class='ocr_line' id='line_1_13' title="bbox 161 1440 1208 1533; baseline -0.006 -23"><span class='ocrx_word' id='word_1_103' title='bbox 161 1468 234 1510; x_wconf 91' lang='lat' dir='ltr'>rum</span> <span class='ocrx_word' id='word_1_104' title='bbox 252 1445 356 1533; x_wconf 90' lang='lat' dir='ltr'>ipsum</span> <span class='ocrx_word' id='word_1_105' title='bbox 379 1442 532 1524; x_wconf 87' lang='lat' dir='ltr'>docuisse,</span> <span class='ocrx_word' id='word_1_106' title='bbox 550 1443 665 1507; x_wconf 89' lang='lat' dir='ltr'>iterum</span> <span class='ocrx_word' id='word_1_107' title='bbox 686 1440 884 1519; x_wconf 88' lang='lat' dir='ltr'>crucifixum,</span> <span class='ocrx_word' id='word_1_108' title='bbox 901 1442 1016 1506; x_wconf 90' lang='lat' dir='ltr'>iterum</span> <span class='ocrx_word' id='word_1_109' title='bbox 1036 1458 1208 1517; x_wconf 90' lang='lat' dir='ltr'>mortuum,</span> 
     </span>
     <span class='ocr_line' id='line_1_14' title="bbox 161 1527 1210 1615; baseline -0.004 -19"><span class='ocrx_word' id='word_1_110' title='bbox 161 1532 276 1597; x_wconf 88' lang='lat' dir='ltr'>iterum</span> <span class='ocrx_word' id='word_1_111' title='bbox 291 1530 519 1594; x_wconf 85' lang='lat' dir='ltr'>resuscitatum.</span> <span class='ocrx_word' id='word_1_112' title='bbox 551 1528 602 1593; x_wconf 90' lang='lat' dir='ltr'>Sic</span> <span class='ocrx_word' id='word_1_113' title='bbox 616 1529 699 1592; x_wconf 90' lang='lat' dir='ltr'>enim</span> <span class='ocrx_word' id='word_1_114' title='bbox 713 1527 873 1615; x_wconf 90' lang='lat' dir='ltr'>apostolus</span> <span class='ocrx_word' id='word_1_115' title='bbox 887 1527 1059 1614; x_wconf 86' lang='lat' dir='ltr'>descripsit.</span> <span class='ocrx_word' id='word_1_116' title='bbox 1092 1527 1210 1592; x_wconf 85' lang='lat' dir='ltr'>Dicant</span> 
     </span>
     <span class='ocr_line' id='line_1_15' title="bbox 162 1613 1211 1705; baseline -0.006 -23"><span class='ocrx_word' id='word_1_117' title='bbox 162 1636 314 1705; x_wconf 65' lang='lat' dir='ltr'>praeterea</span> <span class='ocrx_word' id='word_1_118' title='bbox 329 1616 491 1680; x_wconf 86' lang='lat' dir='ltr'>Christum</span> <span class='ocrx_word' id='word_1_119' title='bbox 507 1614 582 1678; x_wconf 88' lang='lat' dir='ltr'>dare</span> <span class='ocrx_word' id='word_1_120' title='bbox 596 1614 710 1679; x_wconf 90' lang='lat' dir='ltr'>iterum</span> <span class='ocrx_word' id='word_1_121' title='bbox 725 1614 874 1678; x_wconf 89' lang='lat' dir='ltr'>virtutem</span> <span class='ocrx_word' id='word_1_122' title='bbox 890 1614 997 1677; x_wconf 89' lang='lat' dir='ltr'>eadem</span> <span class='ocrx_word' id='word_1_123' title='bbox 1014 1613 1102 1699; x_wconf 86' lang='lat' dir='ltr'>signa</span> <span class='ocrx_word' id='word_1_124' title='bbox 1116 1614 1211 1677; x_wconf 84' lang='lat' dir='ltr'>eden-</span> 
     </span>
     <span class='ocr_line' id='line_1_16' title="bbox 162 1699 1209 1789; baseline -0.004 -22"><span class='ocrx_word' id='word_1_125' title='bbox 162 1704 208 1782; x_wconf 90' lang='lat' dir='ltr'>di,</span> <span class='ocrx_word' id='word_1_126' title='bbox 225 1726 298 1789; x_wconf 88' lang='lat' dir='ltr'>quae</span> <span class='ocrx_word' id='word_1_127' title='bbox 312 1717 344 1767; x_wconf 91' lang='lat' dir='ltr'>et</span> <span class='ocrx_word' id='word_1_128' title='bbox 358 1702 435 1788; x_wconf 91' lang='lat' dir='ltr'>ipse.</span> <span class='ocrx_word' id='word_1_129' title='bbox 471 1700 550 1764; x_wconf 89' lang='lat' dir='ltr'>Volo</span> <span class='ocrx_word' id='word_1_130' title='bbox 564 1700 661 1786; x_wconf 85' lang='lat' dir='ltr'>igitur</span> <span class='ocrx_word' id='word_1_131' title='bbox 676 1715 707 1764; x_wconf 93' lang='lat' dir='ltr'>et</span> <span class='ocrx_word' id='word_1_132' title='bbox 723 1699 854 1764; x_wconf 90' lang='lat' dir='ltr'>virtutes</span> <span class='ocrx_word' id='word_1_133' title='bbox 868 1723 976 1764; x_wconf 90' lang='lat' dir='ltr'>eorum</span> <span class='ocrx_word' id='word_1_134' title='bbox 992 1699 1135 1785; x_wconf 89' lang='lat' dir='ltr'>proferri,</span> <span class='ocrx_word' id='word_1_135' title='bbox 1152 1703 1209 1763; x_wconf 70' lang='lat' dir='ltr'>irc.</span> 
     </span>
     <span class='ocr_line' id='line_1_17' title="bbox 164 1785 1208 1866; baseline -0.005 -13"><span class='ocrx_word' id='word_1_136' title='bbox 164 1791 313 1854; x_wconf 76' lang='lat' dir='ltr'>R1aaar.</span> <span class='ocrx_word' id='word_1_137' title='bbox 338 1790 422 1851; x_wconf 86' lang='lat' dir='ltr'>Haec</span> <span class='ocrx_word' id='word_1_138' title='bbox 435 1785 483 1849; x_wconf 91' lang='lat' dir='ltr'>vir</span> <span class='ocrx_word' id='word_1_139' title='bbox 497 1785 735 1866; x_wconf 90' lang='lat' dir='ltr'>eruditissimus,</span> <span class='ocrx_word' id='word_1_140' title='bbox 750 1786 845 1849; x_wconf 88' lang='lat' dir='ltr'>verba</span> <span class='ocrx_word' id='word_1_141' title='bbox 863 1801 967 1850; x_wconf 90' lang='lat' dir='ltr'>tamen</span> <span class='ocrx_word' id='word_1_142' title='bbox 983 1809 1044 1849; x_wconf 94' lang='lat' dir='ltr'>non</span> <span class='ocrx_word' id='word_1_143' title='bbox 1060 1808 1208 1860; x_wconf 91' lang='lat' dir='ltr'>movens;</span> 
     </span>
     <span class='ocr_line' id='line_1_18' title="bbox 162 1871 1212 1959; baseline -0.006 -19"><span class='ocrx_word' id='word_1_144' title='bbox 162 1891 195 1940; x_wconf 89' lang='lat' dir='ltr'>et</span> <span class='ocrx_word' id='word_1_145' title='bbox 209 1875 281 1938; x_wconf 90' lang='lat' dir='ltr'>vide</span> <span class='ocrx_word' id='word_1_146' title='bbox 300 1896 403 1938; x_wconf 88' lang='lat' dir='ltr'>annon</span> <span class='ocrx_word' id='word_1_147' title='bbox 422 1871 497 1935; x_wconf 85' lang='lat' dir='ltr'>ferri</span> <span class='ocrx_word' id='word_1_148' title='bbox 516 1871 645 1959; x_wconf 87' lang='lat' dir='ltr'>possint,</span> <span class='ocrx_word' id='word_1_149' title='bbox 660 1872 721 1936; x_wconf 90' lang='lat' dir='ltr'>hoc</span> <span class='ocrx_word' id='word_1_150' title='bbox 740 1895 842 1946; x_wconf 88' lang='lat' dir='ltr'>sensu,</span> <span class='ocrx_word' id='word_1_151' title='bbox 863 1872 948 1936; x_wconf 87' lang='lat' dir='ltr'>Solet</span> <span class='ocrx_word' id='word_1_152' title='bbox 968 1871 1050 1935; x_wconf 88' lang='lat' dir='ltr'>enim</span> <span class='ocrx_word' id='word_1_153' title='bbox 1065 1871 1212 1935; x_wconf 88' lang='lat' dir='ltr'>Christus</span> 
     </span>
     <span class='ocr_line' id='line_1_19' title="bbox 164 1957 1212 2048; baseline -0.005 -23"><span class='ocrx_word' id='word_1_154' title='bbox 164 1960 322 2048; x_wconf 87' lang='lat' dir='ltr'>apostolos</span> <span class='ocrx_word' id='word_1_155' title='bbox 336 1957 535 2034; x_wconf 88' lang='lat' dir='ltr'>constituere,</span> <span class='ocrx_word' id='word_1_156' title='bbox 550 1957 693 2022; x_wconf 86' lang='lat' dir='ltr'>faciendo</span> <span class='ocrx_word' id='word_1_157' title='bbox 707 1957 776 2021; x_wconf 90' lang='lat' dir='ltr'>illos</span> <span class='ocrx_word' id='word_1_158' title='bbox 791 1957 840 2021; x_wconf 88' lang='lat' dir='ltr'>sui</span> <span class='ocrx_word' id='word_1_159' title='bbox 854 1957 1083 2044; x_wconf 66' lang='lat' dir='ltr'>praedicatores.</span> <span class='ocrx_word' id='word_1_160' title='bbox 1124 1959 1212 2020; x_wconf 90' lang='lat' dir='ltr'>Sem-</span> 
     </span>
     <span class='ocr_line' id='line_1_20' title="bbox 162 2043 1212 2123; baseline -0.004 -12"><span class='ocrx_word' id='word_1_161' title='bbox 162 2047 247 2111; x_wconf 89' lang='lat' dir='ltr'>lerus</span> <span class='ocrx_word' id='word_1_162' title='bbox 261 2059 367 2111; x_wconf 88' lang='lat' dir='ltr'>autem</span> <span class='ocrx_word' id='word_1_163' title='bbox 382 2045 441 2109; x_wconf 89' lang='lat' dir='ltr'>hoc</span> <span class='ocrx_word' id='word_1_164' title='bbox 455 2057 595 2121; x_wconf 88' lang='lat' dir='ltr'>annotat,</span> <span class='ocrx_word' id='word_1_165' title='bbox 611 2044 666 2108; x_wconf 87' lang='lat' dir='ltr'>sed</span> <span class='ocrx_word' id='word_1_166' title='bbox 682 2043 784 2107; x_wconf 91' lang='lat' dir='ltr'>minus</span> <span class='ocrx_word' id='word_1_167' title='bbox 798 2057 893 2121; x_wconf 90' lang='lat' dir='ltr'>recte,</span> <span class='ocrx_word' id='word_1_168' title='bbox 907 2068 927 2107; x_wconf 95' lang='lat' dir='ltr'>o</span> <span class='ocrx_word' id='word_1_169' title='bbox 950 2044 1037 2123; x_wconf 84' lang='lat' dir='ltr'>inor3</span> <span class='ocrx_word' id='word_1_170' title='bbox 1062 2051 1084 2082; x_wconf 87' lang='lat'>“</span> <span class='ocrx_word' id='word_1_171' title='bbox 1098 2044 1212 2107; x_wconf 86' lang='lat' dir='ltr'>Graeoe</span> 
     </span>
     <span class='ocr_line' id='line_1_21' title="bbox 164 2067 1212 2218; baseline -0.005 -20"><span class='ocrx_word' id='word_1_172' title='bbox 164 2142 185 2173; x_wconf 87' lang='lat'><strong>“</strong></span> <span class='ocrx_word' id='word_1_173' title='bbox 201 2135 380 2209; x_wconf 82' lang='grc' dir='ltr'>ἀπόστολος,</span> <span class='ocrx_word' id='word_1_174' title='bbox 397 2130 616 2195; x_wconf 78' lang='lat' dir='ltr'>nominativus</span> <span class='ocrx_word' id='word_1_175' title='bbox 655 2129 777 2215; x_wconf 83' lang='lat' dir='ltr'>Rigalt.</span> <span class='ocrx_word' id='word_1_176' title='bbox 793 2153 832 2194; x_wconf 88' lang='lat' dir='ltr'>ex</span> <span class='ocrx_word' id='word_1_177' title='bbox 849 2067 1014 2218; x_wconf 74' lang='lat' dir='ltr'>Agohardi</span> <span class='ocrx_word' id='word_1_178' title='bbox 1032 2129 1129 2193; x_wconf 90' lang='lat' dir='ltr'>libro:</span> <span class='ocrx_word' id='word_1_179' title='bbox 1153 2131 1212 2194; x_wconf 86' lang='lat' dir='ltr'>Sic</span> 
     </span>
     <span class='ocr_line' id='line_1_22' title="bbox 165 2217 729 2305; baseline -0.011 -20"><span class='ocrx_word' id='word_1_180' title='bbox 165 2227 187 2260; x_wconf 86' lang='lat'><strong><em>“</em></strong></span> <span class='ocrx_word' id='word_1_181' title='bbox 202 2220 285 2284; x_wconf 91' lang='lat' dir='ltr'>enim</span> <span class='ocrx_word' id='word_1_182' title='bbox 299 2219 459 2305; x_wconf 84' lang='lat' dir='ltr'>apostolas</span> <span class='ocrx_word' id='word_1_183' title='bbox 472 2217 639 2304; x_wconf 79' lang='lat' dir='ltr'>descripsit</span> <span class='ocrx_word' id='word_1_184' title='bbox 654 2217 729 2280; x_wconf 79' lang='lat' dir='ltr'>&amp;c.”</span> 
     </span>
    </p>

    <p class='ocr_par' dir='ltr' id='par_1_4' title="bbox 164 2300 1214 2905">
     <span class='ocr_line' id='line_1_23' title="bbox 208 2300 1213 2390; baseline -0.006 -21"><span class='ocrx_word' id='word_1_185' title='bbox 208 2307 246 2369; x_wconf 90' lang='lat' dir='ltr'>P.</span> <span class='ocrx_word' id='word_1_186' title='bbox 262 2325 331 2390; x_wconf 82' lang='lat'>143.</span> <span class='ocrx_word' id='word_1_187' title='bbox 348 2304 369 2368; x_wconf 89' lang='lat' dir='ltr'>l.</span> <span class='ocrx_word' id='word_1_188' title='bbox 381 2324 413 2387; x_wconf 85' lang='lat'>5.</span> <span class='ocrx_word' id='word_1_189' title='bbox 437 2303 477 2367; x_wconf 91' lang='lat' dir='ltr'>de</span> <span class='ocrx_word' id='word_1_190' title='bbox 492 2302 623 2367; x_wconf 88' lang='lat' dir='ltr'>mortuis</span> <span class='ocrx_word' id='word_1_191' title='bbox 638 2301 840 2386; x_wconf 86' lang='lat' dir='ltr'>suscitabant]</span> <span class='ocrx_word' id='word_1_192' title='bbox 860 2304 954 2366; x_wconf 90' lang='lat' dir='ltr'>Hanc</span> <span class='ocrx_word' id='word_1_193' title='bbox 969 2300 1113 2365; x_wconf 90' lang='lat' dir='ltr'>editionis</span> <span class='ocrx_word' id='word_1_194' title='bbox 1127 2300 1213 2387; x_wconf 88' lang='lat' dir='ltr'>prin·</span> 
     </span>
     <span class='ocr_line' id='line_1_24' title="bbox 164 2387 1213 2479; baseline -0.007 -23"><span class='ocrx_word' id='word_1_195' title='bbox 164 2391 241 2479; x_wconf 87' lang='lat' dir='ltr'>cipis</span> <span class='ocrx_word' id='word_1_196' title='bbox 262 2390 425 2455; x_wconf 89' lang='lat' dir='ltr'>lectionem</span> <span class='ocrx_word' id='word_1_197' title='bbox 447 2387 598 2454; x_wconf 84' lang='lat' dir='ltr'>revocavi.</span> <span class='ocrx_word' id='word_1_198' title='bbox 644 2391 684 2451; x_wconf 93' lang='lat' dir='ltr'>In</span> <span class='ocrx_word' id='word_1_199' title='bbox 708 2387 859 2453; x_wconf 86' lang='lat' dir='ltr'>Vaticano</span> <span class='ocrx_word' id='word_1_200' title='bbox 882 2389 1009 2452; x_wconf 81' lang='lat' dir='ltr'>extabat</span> <span class='ocrx_word' id='word_1_201' title='bbox 1032 2387 1139 2451; x_wconf 90' lang='lat' dir='ltr'>codice</span> <span class='ocrx_word' id='word_1_202' title='bbox 1162 2410 1213 2450; x_wconf 87' lang='lat' dir='ltr'>ea-</span> 
     </span>
     <span class='ocr_line' id='line_1_25' title="bbox 165 2473 1214 2563; baseline -0.007 -21"><span class='ocrx_word' id='word_1_203' title='bbox 165 2478 237 2543; x_wconf 92' lang='lat' dir='ltr'>dem</span> <span class='ocrx_word' id='word_1_204' title='bbox 260 2477 424 2563; x_wconf 88' lang='lat' dir='ltr'>scriptura,</span> <span class='ocrx_word' id='word_1_205' title='bbox 446 2476 565 2540; x_wconf 87' lang='lat' dir='ltr'>fatente</span> <span class='ocrx_word' id='word_1_206' title='bbox 587 2473 738 2553; x_wconf 90' lang='lat' dir='ltr'>Pamelio,</span> <span class='ocrx_word' id='word_1_207' title='bbox 761 2473 814 2538; x_wconf 92' lang='lat' dir='ltr'>cui</span> <span class='ocrx_word' id='word_1_208' title='bbox 839 2489 942 2539; x_wconf 88' lang='lat' dir='ltr'>tamen</span> <span class='ocrx_word' id='word_1_209' title='bbox 968 2473 1129 2537; x_wconf 85' lang='lat' dir='ltr'>antithesis</span> <span class='ocrx_word' id='word_1_210' title='bbox 1150 2473 1214 2536; x_wconf 88' lang='lat' dir='ltr'>evi-</span> 
     </span>
     <span class='ocr_line' id='line_1_26' title="bbox 165 2559 1213 2649; baseline -0.007 -20"><span class='ocrx_word' id='word_1_211' title='bbox 165 2563 289 2629; x_wconf 90' lang='lat' dir='ltr'>dentior</span> <span class='ocrx_word' id='word_1_212' title='bbox 307 2563 407 2649; x_wconf 84' lang='lat' dir='ltr'>magis</span> <span class='ocrx_word' id='word_1_213' title='bbox 426 2561 579 2649; x_wconf 86' lang='lat' dir='ltr'>placebat,</span> <span class='ocrx_word' id='word_1_214' title='bbox 592 2585 666 2647; x_wconf 82' lang='lat' dir='ltr'>quae</span> <span class='ocrx_word' id='word_1_215' title='bbox 687 2561 719 2623; x_wconf 91' lang='lat' dir='ltr'>iu</span> <span class='ocrx_word' id='word_1_216' title='bbox 742 2559 845 2624; x_wconf 89' lang='lat' dir='ltr'>verbis</span> <span class='ocrx_word' id='word_1_217' title='bbox 863 2560 921 2624; x_wconf 88' lang='lat' dir='ltr'>sita</span> <span class='ocrx_word' id='word_1_218' title='bbox 941 2575 999 2636; x_wconf 90' lang='lat' dir='ltr'>est,</span> <span class='ocrx_word' id='word_1_219' title='bbox 1020 2561 1057 2623; x_wconf 89' lang='lat' dir='ltr'>de</span> <span class='ocrx_word' id='word_1_220' title='bbox 1079 2561 1213 2623; x_wconf 81' lang='lat' dir='ltr'>mortuis</span> 
     </span>
     <span class='ocr_line' id='line_1_27' title="bbox 165 2645 1212 2735; baseline -0.007 -21"><span class='ocrx_word' id='word_1_221' title='bbox 165 2650 436 2735; x_wconf 83' lang='lat' dir='ltr'>vivossaciebant.</span> <span class='ocrx_word' id='word_1_222' title='bbox 481 2646 653 2711; x_wconf 89' lang='lat' dir='ltr'>Marcionis</span> <span class='ocrx_word' id='word_1_223' title='bbox 668 2647 830 2711; x_wconf 88' lang='lat' dir='ltr'>Christum</span> <span class='ocrx_word' id='word_1_224' title='bbox 848 2645 1064 2710; x_wconf 88' lang='lat' dir='ltr'>Tertullianus</span> <span class='ocrx_word' id='word_1_225' title='bbox 1077 2647 1120 2708; x_wconf 89' lang='lat' dir='ltr'>ait</span> <span class='ocrx_word' id='word_1_226' title='bbox 1135 2668 1212 2720; x_wconf 92' lang='lat' dir='ltr'>esse,</span> 
     </span>
     <span class='ocr_line' id='line_1_28' title="bbox 165 2733 1214 2811; baseline -0.006 -12"><span class='ocrx_word' id='word_1_227' title='bbox 165 2758 222 2799; x_wconf 90' lang='lat' dir='ltr'>nec</span> <span class='ocrx_word' id='word_1_228' title='bbox 236 2743 432 2799; x_wconf 80' lang='lat' dir='ltr'>morinorum</span> <span class='ocrx_word' id='word_1_229' title='bbox 447 2733 672 2811; x_wconf 92' lang='lat' dir='ltr'>suscitatorem,</span> <span class='ocrx_word' id='word_1_230' title='bbox 687 2734 742 2797; x_wconf 87' lang='lat' dir='ltr'>sed</span> <span class='ocrx_word' id='word_1_231' title='bbox 761 2734 908 2797; x_wconf 83' lang='lat' dir='ltr'>ainornm</span> <span class='ocrx_word' id='word_1_232' title='bbox 929 2742 1134 2796; x_wconf 84' lang='lat' dir='ltr'>avocatorem.</span> <span class='ocrx_word' id='word_1_233' title='bbox 1160 2733 1214 2794; x_wconf 92' lang='lat' dir='ltr'>De</span> 
     </span>
     <span class='ocr_line' id='line_1_29' title="bbox 167 2820 551 2905; baseline -0.016 -18"><span class='ocrx_word' id='word_1_234' title='bbox 167 2821 274 2887; x_wconf 80' lang='lat' dir='ltr'>Carne</span> <span class='ocrx_word' id='word_1_235' title='bbox 291 2820 425 2898; x_wconf 79' lang='lat' dir='ltr'>Christi,</span> <span class='ocrx_word' id='word_1_236' title='bbox 440 2841 509 2905; x_wconf 89' lang='lat' dir='ltr'>cap.</span> <span class='ocrx_word' id='word_1_237' title='bbox 520 2834 551 2903; x_wconf 86' lang='lat'>5.</span> 
     </span>
    </p>

    <p class='ocr_par' dir='ltr' id='par_1_5' title="bbox 164 2901 1214 4368">
     <span class='ocr_line' id='line_1_30' title="bbox 210 2901 1213 2991; baseline -0.004 -22"><span class='ocrx_word' id='word_1_238' title='bbox 210 2905 294 2969; x_wconf 84' lang='lat' dir='ltr'>Ibid.</span> <span class='ocrx_word' id='word_1_239' title='bbox 320 2905 341 2970; x_wconf 95' lang='lat' dir='ltr'>l.</span> <span class='ocrx_word' id='word_1_240' title='bbox 364 2921 395 2987; x_wconf 90' lang='lat'>7.</span> <span class='ocrx_word' id='word_1_241' title='bbox 425 2905 467 2968; x_wconf 88' lang='lat' dir='ltr'>ad</span> <span class='ocrx_word' id='word_1_242' title='bbox 491 2903 749 2991; x_wconf 90' lang='lat' dir='ltr'>principalitatem</span> <span class='ocrx_word' id='word_1_243' title='bbox 776 2902 910 2980; x_wconf 89' lang='lat' dir='ltr'>veritati,</span> <span class='ocrx_word' id='word_1_244' title='bbox 938 2916 971 2966; x_wconf 91' lang='lat' dir='ltr'>et</span> <span class='ocrx_word' id='word_1_245' title='bbox 998 2901 1213 2990; x_wconf 89' lang='lat' dir='ltr'>posteritatem</span> 
     </span>
     <span class='ocr_line' id='line_1_31' title="bbox 164 2988 1214 3077; baseline -0.005 -22"><span class='ocrx_word' id='word_1_246' title='bbox 164 2990 363 3056; x_wconf 87' lang='lat' dir='ltr'>mendacitati</span> <span class='ocrx_word' id='word_1_247' title='bbox 377 2989 602 3077; x_wconf 88' lang='lat' dir='ltr'>deputandam,</span> <span class='ocrx_word' id='word_1_248' title='bbox 616 3012 655 3052; x_wconf 90' lang='lat' dir='ltr'>ex</span> <span class='ocrx_word' id='word_1_249' title='bbox 670 2988 753 3053; x_wconf 88' lang='lat' dir='ltr'>illius</span> <span class='ocrx_word' id='word_1_250' title='bbox 769 2990 840 3072; x_wconf 66' lang='grc' dir='ltr'>δια]</span> <span class='ocrx_word' id='word_1_251' title='bbox 854 2988 915 3053; x_wconf 90' lang='lat' dir='ltr'>Vul</span> <span class='ocrx_word' id='word_1_252' title='bbox 974 3003 1082 3052; x_wconf 87' lang='lat' dir='ltr'>extant</span> <span class='ocrx_word' id='word_1_253' title='bbox 1097 2991 1214 3051; x_wconf 78' lang='lat' dir='ltr'>verita</span> 
     </span>
     <span class='ocr_line' id='line_1_32' title="bbox 166 3074 1211 3162; baseline -0.007 -19"><span class='ocrx_word' id='word_1_254' title='bbox 166 3081 219 3156; x_wconf 89' lang='lat' dir='ltr'>tis,</span> <span class='ocrx_word' id='word_1_255' title='bbox 243 3078 473 3155; x_wconf 83' lang='lat' dir='ltr'>mendacitatis,</span> <span class='ocrx_word' id='word_1_256' title='bbox 496 3075 743 3162; x_wconf 61' lang='lat' dir='ltr'>disputandam·</span> <span class='ocrx_word' id='word_1_257' title='bbox 771 3097 881 3138; x_wconf 89' lang='lat' dir='ltr'>verum</span> <span class='ocrx_word' id='word_1_258' title='bbox 909 3074 998 3139; x_wconf 91' lang='lat' dir='ltr'>aiter</span> <span class='ocrx_word' id='word_1_259' title='bbox 1024 3098 1056 3138; x_wconf 86' lang='lat' dir='ltr'>se</span> <span class='ocrx_word' id='word_1_260' title='bbox 1083 3074 1211 3151; x_wconf 88' lang='lat' dir='ltr'>habent,</span> 
     </span>
     <span class='ocr_line' id='line_1_33' title="bbox 166 3159 1210 3251; baseline -0.006 -23"><span class='ocrx_word' id='word_1_261' title='bbox 166 3164 254 3229; x_wconf 92' lang='lat' dir='ltr'>editt.</span> <span class='ocrx_word' id='word_1_262' title='bbox 270 3163 415 3251; x_wconf 87' lang='lat' dir='ltr'>princeps</span> <span class='ocrx_word' id='word_1_263' title='bbox 429 3175 461 3226; x_wconf 94' lang='lat' dir='ltr'>et</span> <span class='ocrx_word' id='word_1_264' title='bbox 476 3160 613 3226; x_wconf 86' lang='lat' dir='ltr'>Franek.</span> <span class='ocrx_word' id='word_1_265' title='bbox 627 3175 838 3247; x_wconf 67' lang='lat' dir='ltr'>praeterquam</span> <span class='ocrx_word' id='word_1_266' title='bbox 854 3160 939 3247; x_wconf 93' lang='lat' dir='ltr'>quod</span> <span class='ocrx_word' id='word_1_267' title='bbox 959 3160 992 3223; x_wconf 90' lang='lat' dir='ltr'>in</span> <span class='ocrx_word' id='word_1_268' title='bbox 1012 3159 1107 3246; x_wconf 87' lang='lat' dir='ltr'>priori</span> <span class='ocrx_word' id='word_1_269' title='bbox 1127 3159 1210 3247; x_wconf 91' lang='lat' dir='ltr'>posi-</span> 
     </span>
     <span class='ocr_line' id='line_1_34' title="bbox 166 3245 1211 3345; baseline -0.008 -30"><span class='ocrx_word' id='word_1_270' title='bbox 166 3265 236 3315; x_wconf 92' lang='lat' dir='ltr'>tum</span> <span class='ocrx_word' id='word_1_271' title='bbox 250 3265 297 3314; x_wconf 92' lang='lat' dir='ltr'>est</span> <span class='ocrx_word' id='word_1_272' title='bbox 311 3251 468 3314; x_wconf 84' lang='lat' dir='ltr'>veritatis.</span> <span class='ocrx_word' id='word_1_273' title='bbox 499 3247 691 3334; x_wconf 87' lang='lat' dir='ltr'>Notavitquc</span> <span class='ocrx_word' id='word_1_274' title='bbox 707 3245 877 3325; x_wconf 78' lang='lat' dir='ltr'>PameliuS,</span> <span class='ocrx_word' id='word_1_275' title='bbox 892 3246 995 3345; x_wconf 79' lang='lat' dir='ltr'>legere</span> <span class='ocrx_word' id='word_1_276' title='bbox 1010 3269 1041 3309; x_wconf 92' lang='lat' dir='ltr'>se</span> <span class='ocrx_word' id='word_1_277' title='bbox 1056 3269 1095 3308; x_wconf 89' lang='lat' dir='ltr'>ex</span> <span class='ocrx_word' id='word_1_278' title='bbox 1111 3245 1211 3309; x_wconf 83' lang='lat' dir='ltr'>Vatia.</span> 
     </span>
     <span class='ocr_line' id='line_1_35' title="bbox 167 3332 1211 3420; baseline -0.007 -19"><span class='ocrx_word' id='word_1_279' title='bbox 167 3339 244 3402; x_wconf 91' lang='lat' dir='ltr'>MS.</span> <span class='ocrx_word' id='word_1_280' title='bbox 266 3335 467 3400; x_wconf 88' lang='lat' dir='ltr'>conformiter</span> <span class='ocrx_word' id='word_1_281' title='bbox 490 3334 642 3413; x_wconf 80' lang='lat' dir='ltr'>Quintino</span> <span class='ocrx_word' id='word_1_282' title='bbox 668 3333 765 3420; x_wconf 90' lang='lat' dir='ltr'>hujus</span> <span class='ocrx_word' id='word_1_283' title='bbox 787 3332 859 3397; x_wconf 90' lang='lat' dir='ltr'>libri</span> <span class='ocrx_word' id='word_1_284' title='bbox 884 3333 995 3396; x_wconf 82' lang='lat' dir='ltr'>editori</span> <span class='ocrx_word' id='word_1_285' title='bbox 1021 3334 1150 3395; x_wconf 83' lang='lat' dir='ltr'>veritati</span> <span class='ocrx_word' id='word_1_286' title='bbox 1175 3354 1211 3394; x_wconf 91' lang='lat' dir='ltr'>ac</span> 
     </span>
     <span class='ocr_line' id='line_1_36' title="bbox 166 3417 1212 3505; baseline -0.007 -18"><span class='ocrx_word' id='word_1_287' title='bbox 166 3423 379 3487; x_wconf 85' lang='lat' dir='ltr'>mendacitati.</span> <span class='ocrx_word' id='word_1_288' title='bbox 425 3424 544 3486; x_wconf 88' lang='lat' dir='ltr'>Contra</span> <span class='ocrx_word' id='word_1_289' title='bbox 558 3420 655 3486; x_wconf 82' lang='lat' dir='ltr'>Junio</span> <span class='ocrx_word' id='word_1_290' title='bbox 674 3419 840 3505; x_wconf 87' lang='lat' dir='ltr'>placebant</span> <span class='ocrx_word' id='word_1_291' title='bbox 857 3417 1004 3483; x_wconf 89' lang='lat' dir='ltr'>lectiones</span> <span class='ocrx_word' id='word_1_292' title='bbox 1021 3418 1165 3482; x_wconf 66' lang='lat' dir='ltr'>veritatis</span> <span class='ocrx_word' id='word_1_293' title='bbox 1180 3431 1212 3480; x_wconf 89' lang='lat' dir='ltr'>et</span> 
     </span>
     <span class='ocr_line' id='line_1_37' title="bbox 167 3502 1212 3592; baseline -0.007 -20"><span class='ocrx_word' id='word_1_294' title='bbox 167 3509 390 3581; x_wconf 86' lang='lat' dir='ltr'>mendacitati,·</span> <span class='ocrx_word' id='word_1_295' title='bbox 417 3506 472 3571; x_wconf 90' lang='lat' dir='ltr'>sed</span> <span class='ocrx_word' id='word_1_296' title='bbox 495 3506 618 3570; x_wconf 90' lang='lat' dir='ltr'>monuit</span> <span class='ocrx_word' id='word_1_297' title='bbox 643 3504 813 3584; x_wconf 88' lang='lat' dir='ltr'>Semlerus,</span> <span class='ocrx_word' id='word_1_298' title='bbox 837 3505 991 3592; x_wconf 89' lang='lat' dir='ltr'>pertinere</span> <span class='ocrx_word' id='word_1_299' title='bbox 1017 3505 1146 3568; x_wconf 82' lang='lat' dir='ltr'>veritati</span> <span class='ocrx_word' id='word_1_300' title='bbox 1170 3502 1212 3566; x_wconf 89' lang='lat' dir='ltr'>ad</span> 
     </span>
     <span class='ocr_line' id='line_1_38' title="bbox 167 3590 1213 3680; baseline -0.006 -23"><span class='ocrx_word' id='word_1_301' title='bbox 167 3594 390 3680; x_wconf 71' lang='lat' dir='ltr'>deputandam,</span> <span class='ocrx_word' id='word_1_302' title='bbox 403 3591 428 3656; x_wconf 89' lang='lat' dir='ltr'>si</span> <span class='ocrx_word' id='word_1_303' title='bbox 443 3592 502 3656; x_wconf 92' lang='lat' dir='ltr'>hoc</span> <span class='ocrx_word' id='word_1_304' title='bbox 514 3593 644 3655; x_wconf 92' lang='lat' dir='ltr'>verbum</span> <span class='ocrx_word' id='word_1_305' title='bbox 660 3604 794 3655; x_wconf 88' lang='lat' dir='ltr'>maneat.</span> <span class='ocrx_word' id='word_1_306' title='bbox 818 3594 929 3677; x_wconf 89' lang='lat' dir='ltr'>Atque</span> <span class='ocrx_word' id='word_1_307' title='bbox 940 3614 999 3678; x_wconf 88' lang='lat' dir='ltr'>ego</span> <span class='ocrx_word' id='word_1_308' title='bbox 1008 3590 1089 3654; x_wconf 91' lang='lat' dir='ltr'>hanc</span> <span class='ocrx_word' id='word_1_309' title='bbox 1101 3591 1213 3653; x_wconf 89' lang='lat' dir='ltr'>Pame-</span> 
     </span>
     <span class='ocr_line' id='line_1_39' title="bbox 167 3676 1210 3764; baseline -0.008 -20"><span class='ocrx_word' id='word_1_310' title='bbox 167 3679 280 3744; x_wconf 87' lang='lat' dir='ltr'>lianam</span> <span class='ocrx_word' id='word_1_311' title='bbox 303 3678 437 3763; x_wconf 84' lang='lat' dir='ltr'>praefero</span> <span class='ocrx_word' id='word_1_312' title='bbox 458 3676 622 3741; x_wconf 88' lang='lat' dir='ltr'>lectionem</span> <span class='ocrx_word' id='word_1_313' title='bbox 642 3676 687 3740; x_wconf 93' lang='lat' dir='ltr'>illi</span> <span class='ocrx_word' id='word_1_314' title='bbox 710 3676 910 3764; x_wconf 83' lang='lat' dir='ltr'>Rigaltianae,</span> <span class='ocrx_word' id='word_1_315' title='bbox 925 3679 968 3741; x_wconf 86' lang='lat' dir='ltr'>ad</span> <span class='ocrx_word' id='word_1_316' title='bbox 986 3676 1210 3764; x_wconf 79' lang='lat' dir='ltr'>principalita-</span> 
     </span>
     <span class='ocr_line' id='line_1_40' title="bbox 168 3760 1212 3851; baseline -0.007 -23"><span class='ocrx_word' id='word_1_317' title='bbox 168 3775 229 3829; x_wconf 90' lang='lat' dir='ltr'>tem</span> <span class='ocrx_word' id='word_1_318' title='bbox 243 3763 381 3828; x_wconf 89' lang='lat' dir='ltr'>veritatis</span> <span class='ocrx_word' id='word_1_319' title='bbox 396 3773 426 3828; x_wconf 89' lang='lat' dir='ltr'>ct</span> <span class='ocrx_word' id='word_1_320' title='bbox 433 3765 651 3851; x_wconf 79' lang='lat' dir='ltr'>posteritatem</span> <span class='ocrx_word' id='word_1_321' title='bbox 665 3762 880 3827; x_wconf 88' lang='lat' dir='ltr'>mendacitatis</span> <span class='ocrx_word' id='word_1_322' title='bbox 898 3761 1129 3850; x_wconf 88' lang='lat' dir='ltr'>disputandam.</span> <span class='ocrx_word' id='word_1_323' title='bbox 1171 3760 1212 3822; x_wconf 89' lang='lat' dir='ltr'>In</span> 
     </span>
     <span class='ocr_line' id='line_1_41' title="bbox 169 3846 1212 3953; baseline -0.006 -38"><span class='ocrx_word' id='word_1_324' title='bbox 169 3851 369 3953; x_wconf 70' lang='lat' dir='ltr'>Apobgetico</span> <span class='ocrx_word' id='word_1_325' title='bbox 381 3848 570 3914; x_wconf 89' lang='lat' dir='ltr'>Tertulliani</span> <span class='ocrx_word' id='word_1_326' title='bbox 584 3849 812 3936; x_wconf 85' lang='lat' dir='ltr'>habes—apnd</span> <span class='ocrx_word' id='word_1_327' title='bbox 824 3849 974 3926; x_wconf 80' lang='lat' dir='ltr'>hatnines,</span> <span class='ocrx_word' id='word_1_328' title='bbox 986 3850 1016 3912; x_wconf 91' lang='lat' dir='ltr'>si</span> <span class='ocrx_word' id='word_1_329' title='bbox 1049 3856 1128 3925; x_wconf 83' lang='lat' dir='ltr'>orte,</span> <span class='ocrx_word' id='word_1_330' title='bbox 1144 3846 1212 3910; x_wconf 88' lang='lat' dir='ltr'>dis·</span> 
     </span>
     <span class='ocr_line' id='line_1_42' title="bbox 169 3933 1214 4026; baseline -0.007 -24"><span class='ocrx_word' id='word_1_331' title='bbox 169 3941 344 4026; x_wconf 79' lang='lat' dir='ltr'>tingaitnr,</span> <span class='ocrx_word' id='word_1_332' title='bbox 363 3937 439 4000; x_wconf 86' lang='lat' dir='ltr'>dnm</span> <span class='ocrx_word' id='word_1_333' title='bbox 460 3938 672 4024; x_wconf 73' lang='lat' dir='ltr'>eapangitar,</span> <span class='ocrx_word' id='word_1_334' title='bbox 694 3936 769 3999; x_wconf 86' lang='lat' dir='ltr'>dnm</span> <span class='ocrx_word' id='word_1_335' title='bbox 793 3956 833 3999; x_wconf 82' lang='lat' dir='ltr'>ea</span> <span class='ocrx_word' id='word_1_336' title='bbox 841 3934 966 4021; x_wconf 77' lang='lat' dir='ltr'>fletam</span> <span class='ocrx_word' id='word_1_337' title='bbox 985 3953 1139 4020; x_wconf 70' lang='lat' dir='ltr'>presens,</span> <span class='ocrx_word' id='word_1_338' title='bbox 1162 3933 1214 3995; x_wconf 87' lang='lat' dir='ltr'>de-</span> 
     </span>
     <span class='ocr_line' id='line_1_43' title="bbox 168 4019 1212 4111; baseline -0.008 -23"><span class='ocrx_word' id='word_1_339' title='bbox 168 4024 242 4088; x_wconf 81' lang='lat' dir='ltr'>iinc</span> <span class='ocrx_word' id='word_1_340' title='bbox 256 4045 296 4088; x_wconf 81' lang='lat' dir='ltr'>en</span> <span class='ocrx_word' id='word_1_341' title='bbox 302 4025 458 4111; x_wconf 75' lang='lat' dir='ltr'>prasenti</span> <span class='ocrx_word' id='word_1_342' title='bbox 464 4024 667 4110; x_wconf 73' lang='lat' dir='ltr'>preteritum</span> <span class='ocrx_word' id='word_1_343' title='bbox 682 4021 721 4085; x_wconf 87' lang='lat' dir='ltr'>de</span> <span class='ocrx_word' id='word_1_344' title='bbox 745 4032 864 4100; x_wconf 89' lang='lat' dir='ltr'>utatur,</span> <span class='ocrx_word' id='word_1_345' title='bbox 878 4043 945 4107; x_wconf 84' lang='lat' dir='ltr'>cap.</span> <span class='ocrx_word' id='word_1_346' title='bbox 958 4039 1010 4085; x_wconf 80' lang='lat' dir='ltr'>ao.</span> <span class='ocrx_word' id='word_1_347' title='bbox 1049 4021 1095 4082; x_wconf 92' lang='lat' dir='ltr'>Et</span> <span class='ocrx_word' id='word_1_348' title='bbox 1113 4019 1212 4104; x_wconf 83' lang='lat' dir='ltr'>depa-</span> 
     </span>
     <span class='ocr_line' id='line_1_44' title="bbox 168 4107 1212 4198; baseline -0.008 -24"><span class='ocrx_word' id='word_1_349' title='bbox 168 4118 219 4174; x_wconf 86' lang='lat' dir='ltr'>tcr</span> <span class='ocrx_word' id='word_1_350' title='bbox 235 4111 362 4198; x_wconf 78' lang='lat' dir='ltr'>angelis</span> <span class='ocrx_word' id='word_1_351' title='bbox 378 4120 466 4173; x_wconf 86' lang='lat' dir='ltr'>extat</span> <span class='ocrx_word' id='word_1_352' title='bbox 486 4107 519 4171; x_wconf 93' lang='lat' dir='ltr'>in</span> <span class='ocrx_word' id='word_1_353' title='bbox 538 4107 592 4172; x_wconf 94' lang='lat' dir='ltr'>lib.</span> <span class='ocrx_word' id='word_1_354' title='bbox 614 4108 682 4194; x_wconf 88' lang='lat' dir='ltr'>ejus</span> <span class='ocrx_word' id='word_1_355' title='bbox 727 4108 797 4172; x_wconf 85' lang='lat' dir='ltr'>das.</span> <span class='ocrx_word' id='word_1_356' title='bbox 818 4107 1052 4171; x_wconf 76' lang='lat' dir='ltr'>Valentinianos</span> <span class='ocrx_word' id='word_1_357' title='bbox 1073 4127 1143 4190; x_wconf 86' lang='lat' dir='ltr'>cap.</span> <span class='ocrx_word' id='word_1_358' title='bbox 1157 4122 1212 4189; x_wconf 81' lang='lat'>32.</span> 
     </span>
     <span class='ocr_line' id='line_1_45' title="bbox 170 4187 1212 4283; baseline -0.008 -24"><span class='ocrx_word' id='word_1_359' title='bbox 170 4197 318 4260; x_wconf 87' lang='lat' dir='ltr'>Ceterum</span> <span class='ocrx_word' id='word_1_360' title='bbox 335 4195 564 4283; x_wconf 83' lang='lat' dir='ltr'>principalitas</span> <span class='ocrx_word' id='word_1_361' title='bbox 578 4207 635 4272; x_wconf 88' lang='lat' dir='ltr'>est,</span> <span class='ocrx_word' id='word_1_362' title='bbox 651 4207 686 4258; x_wconf 94' lang='lat' dir='ltr'>ut</span> <span class='ocrx_word' id='word_1_363' title='bbox 701 4192 744 4256; x_wconf 87' lang='lat' dir='ltr'>ait</span> <span class='ocrx_word' id='word_1_364' title='bbox 758 4191 860 4256; x_wconf 88' lang='lat' dir='ltr'>editor</span> <span class='ocrx_word' id='word_1_365' title='bbox 870 4193 1112 4256; x_wconf 77' lang='lat' dir='ltr'>Institutionum</span> <span class='ocrx_word' id='word_1_366' title='bbox 1127 4187 1212 4253; x_wconf 89' lang='lat' dir='ltr'>card.</span> 
     </span>
     <span class='ocr_line' id='line_1_46' title="bbox 170 4277 901 4368; baseline -0.001 -24"><span class='ocrx_word' id='word_1_367' title='bbox 170 4281 345 4362; x_wconf 87' lang='lat' dir='ltr'>Thomasii,</span> <span class='ocrx_word' id='word_1_368' title='bbox 360 4279 447 4368; x_wconf 92' lang='lat' dir='ltr'>quod</span> <span class='ocrx_word' id='word_1_369' title='bbox 461 4304 480 4344; x_wconf 90' lang='lat' dir='ltr'>a</span> <span class='ocrx_word' id='word_1_370' title='bbox 494 4279 659 4367; x_wconf 88' lang='lat' dir='ltr'>principio,</span> <span class='ocrx_word' id='word_1_371' title='bbox 673 4278 714 4344; x_wconf 90' lang='lat' dir='ltr'>ab</span> <span class='ocrx_word' id='word_1_372' title='bbox 728 4278 817 4345; x_wconf 92' lang='lat' dir='ltr'>initio</span> <span class='ocrx_word' id='word_1_373' title='bbox 830 4277 901 4343; x_wconf 85' lang='lat' dir='ltr'>fuit.</span> 
     </span>
    </p>
   </div>
   <div class='ocr_carea' id='block_1_3' title="bbox 0 0 1354 4830">
    <p class='ocr_par' dir='ltr' id='par_1_6' title="bbox 0 0 1354 4830">
     <span class='ocr_line' id='line_1_47' title="bbox 0 0 1354 4830; baseline 0 0"><span class='ocrx_word' id='word_1_374' title='bbox 0 0 1354 4830; x_wconf 95' lang='lat' dir='ltr'> </span> 
     </span>
    </p>
   </div>
  </div>
 </body>
</html>
