2678 4830
334 358 399 421 DE
424 356 682 421 IDOLORUM
707 357 970 421 VANITATE.
1112 357 1176 423 261²

128 527 360 626 propagantis
373 527 532 617 extendi,
542 527 687 623 ejulare,
699 554 854 626 gemere,
865 528 1063 627 deprecari3
1078 529 1175 602 unde

128 646 273 716 veniant
290 655 326 715 et
349 643 493 741 quando
517 643 702 717 discedant
726 644 812 743 ipsis
836 644 946 718 etiam
970 645 1031 743 qui
1055 671 1092 717 se
1115 671 1176 718 coq

128 759 208 831 lunt
226 758 453 832 audientibus
472 761 651 844 confiteri;
670 773 706 833 et
722 762 779 833 vel
797 760 951 834 exiliunt
969 760 1104 850 statim,
1117 762 1174 834 vel

127 889 348 949 evanescunt
373 875 562 974 gradatim,
587 890 694 974 prout
720 876 809 949 fides
835 877 1003 976 patientis
1030 876 1175 973 adjuvat

99 1001 190 1079 5aut
207 991 320 1087 gratia
339 990 497 1062 curantis
515 989 681 1088 adspirat.
726 991 828 1064 Hinc
845 990 973 1088 vulgus
992 990 1028 1063 in
1048 989 1174 1065 odium

127 1106 239 1179 nostri
264 1106 424 1178 nominis
451 1117 596 1205 cogunt,
617 1121 658 1179 ut
680 1133 746 1179 nos
769 1106 888 1179 odisse
910 1105 1087 1205 incipiant
1109 1107 1175 1179 bo·

127 1223 241 1295 mines
260 1236 453 1319 antequam
470 1249 596 1307 nosse;
619 1249 665 1294 ne
681 1222 843 1320 cognitos
862 1235 924 1296 aut
940 1221 1073 1296 imitari
1092 1248 1174 1322 pos-

127 1339 199 1411 sint
216 1352 279 1412 aut
296 1338 467 1411 damnare
484 1365 557 1411 non
575 1339 725 1438 possint.

176 1453 221 1527 V.
248 1454 354 1527 Unus
373 1454 483 1551 igitur
499 1455 666 1529 omnium
683 1453 867 1527 Dominus
884 1455 998 1527 Deus.
1042 1452 1174 1551 Neque

81 1569 222 1642 10enim
249 1570 311 1642 illa
334 1569 535 1643 sublimitas
559 1582 679 1669 potest
699 1570 832 1643 habere
856 1583 1071 1659 consortem,
1088 1595 1173 1643 cum

127 1685 200 1757 sola
217 1712 365 1758 omnem
384 1699 505 1760 teneat
520 1700 748 1786 potestatem.
791 1685 849 1759 Ad
873 1685 1034 1759 divinum
1060 1685 1175 1785 impe.

126 1801 221 1875 rium
235 1803 345 1876 etiam
362 1802 406 1875 de
419 1803 521 1876 terris
540 1815 749 1876 mutuemur
767 1802 989 1902 exemplum.
1016 1802 1174 1884 Quando

125 1944 284 2016 unquam
311 1920 411 2017 regni
437 1918 586 1994 societas
610 1932 673 1992 aut
694 1946 778 1992 cum
796 1917 869 1992 fide
887 1918 1001 2017 coepit
1018 1931 1080 1991 aut
1098 1919 1175 1992 sine

125 2061 249 2107 cruore
275 2033 404 2107 desiit?
442 2036 503 2109 Sic
527 2034 787 2108 Thebanorum
813 2035 1030 2134 germanitas
1056 2046 1174 2133 rupta,

80 2162 162 2239 15et
191 2175 406 2249 permanens
438 2151 533 2249 rogis
563 2149 819 2223 dissidentibus
849 2150 958 2222 etiam
990 2149 1027 2221 in
1058 2161 1174 2222 morte

125 2265 312 2339 discordia.
363 2266 415 2340 Et
440 2267 624 2339 Romanos
649 2266 813 2365 geminos
839 2291 955 2339 unum
979 2290 1051 2336 non
1076 2263 1174 2363 capit

125 2408 289 2480 regnum,
308 2409 398 2480 quos
423 2408 535 2455 unum
561 2383 653 2456 uteri
681 2382 777 2480 cepit
801 2381 1011 2481 hospitium.
1063 2381 1173 2453 Pom-

124 2498 226 2596 peius
244 2510 281 2570 et
298 2497 418 2570 Caesar
436 2498 558 2571 affines
576 2498 733 2586 fuerunt,
750 2524 817 2570 nec
832 2512 957 2571 tamen
977 2496 1173 2569 necessitu-

125 2612 218 2685 dinis
249 2613 368 2687 foedus
398 2614 435 2686 in
467 2615 599 2688 aemula
627 2625 806 2715 potestate
835 2624 1039 2686 tenuerunt.
1089 2611 1172 2687 Nec

78 2760 115 2798 20
125 2729 195 2801 hoc
218 2742 258 2803 tu
280 2729 325 2802 de
350 2729 498 2802 bomine
523 2729 674 2816 mireris,
698 2755 783 2802 curn
811 2728 848 2800 in
875 2728 946 2800 boc
968 2727 1088 2800 omnis
1108 2755 1173 2802 na-

125 2864 204 2919 tura
221 2846 432 2919 consentiat.
483 2848 565 2918 Rex
584 2871 677 2918 unus
694 2857 749 2918 est
765 2844 905 2944 apibus,
922 2856 960 2916 et
981 2842 1056 2916 dux
1077 2870 1171 2919 unus

125 2960 160 3032 in
180 2963 361 3060 gregibus,
378 2974 415 3034 et
431 2962 469 3034 in
488 2961 657 3035 armentis
676 2973 792 3035 rector
810 2986 914 3034 unus.
954 2959 1077 3033 Multo
1095 2987 1172 3035 ma-

124 3076 178 3172 gis
201 3075 326 3148 mundi
347 3101 439 3150 unus
457 3090 512 3149 est
533 3087 659 3164 rector,
675 3077 738 3174 qui
761 3076 926 3150 universa
946 3101 1171 3173 quaecunque

124 3204 208 3264 sunt
224 3193 334 3265 verbo
350 3192 469 3287 jubet,
487 3191 624 3266 ratione
641 3191 838 3292 dispensat,
854 3192 987 3265 virtute
1004 3217 1172 3263 consum-

77 3337 111 3398 25
124 3321 210 3380 mat.
263 3308 338 3383 Hic
364 3335 431 3382 nec
457 3308 568 3381 videri
593 3321 726 3408 potest,
750 3308 829 3382 visu
859 3307 987 3381 clarior
1013 3319 1078 3400 est,
1104 3334 1170 3382 nec

123 3424 392 3524 comprehendi,
414 3438 513 3499 tactu
536 3425 658 3524 purior
680 3437 745 3514 est,
769 3451 837 3497 nec
860 3424 1041 3514 aestimari,
1064 3451 1171 3499 sensu

124 3540 224 3638 (for.
249 3569 371 3629 censu,
390 3542 527 3641 Aaron.)
554 3540 669 3638 major
696 3554 761 3614 est.
811 3539 863 3613 Et
891 3540 974 3613 ideo
1004 3541 1055 3615 sic
1084 3568 1169 3614 eum

123 3654 231 3753 digne
270 3659 504 3745 aestimamus,
538 3658 624 3730 dum
670 3656 959 3731 inaestimabilem
1001 3657 1168 3732 dicimus.

123 3772 232 3853 Quod
248 3800 334 3846 vero
357 3775 537 3874 tempium
559 3774 690 3847 habere
707 3773 820 3873 possit
838 3773 939 3847 Deus
958 3773 1060 3869 cujus
1077 3788 1170 3847 tem·

74 3887 224 3985 30plum
244 3903 339 3963 totus
358 3904 412 3964 est
429 3890 610 3964 mundus?
636 3903 673 3963 et
695 3916 781 3964 cum
807 3889 918 3963 bomo
941 3889 1048 3962 latius
1071 3887 1170 3990 (for.

122 4003 254 4098 laxius)
286 4018 440 4093 maneat,
467 4007 561 4078 intra
590 4031 700 4078 unam
731 4004 923 4078 aediculam
952 4004 1028 4077 vim
1057 4018 1168 4080 tantae

123 4118 319 4214 majestatis
337 4120 540 4195 includam?
567 4123 612 4195 In
629 4133 750 4194 nostra
763 4119 983 4194 dedicandus
997 4136 1050 4194 est
1067 4148 1168 4194 men-

122 4250 170 4326 te,
188 4235 223 4309 in
243 4248 365 4311 nostro
383 4238 642 4313 consecrandus
661 4249 716 4312 est
732 4249 889 4337 pectore.
937 4237 1019 4311 Nec
1035 4264 1168 4311 nomen

626 4376 674 4441 ⁸3
