2678 4830
344 316 409 378 DE
432 313 833 380 PRAESCRIPTIONE
857 317 983 380 HAER.
1125 302 1190 385 158Ι

142 486 319 561 stantibus
344 485 496 576 ruinam,
522 513 594 559 non
622 486 923 584 si'adjaceutibu's
950 489 1186 565 elevationem

14 617 19 622 “
141 602 356 701 operentur:
384 602 556 698 quoniam
581 600 618 674 et
643 603 763 701 ipsum
789 630 880 703 opus
904 630 1027 677 eorum
1050 604 1191 678 nonde

142 717 206 790 suo
231 718 378 818 proprio
400 718 551 792 aedificio
569 719 680 808 venit,
698 718 758 792 sed
782 721 827 792 de
850 719 1007 793 veritatis
1031 721 1193 795 destruc-

140 833 262 907 tione·
299 834 435 908 Nostra
453 834 648 908 suffodiunt
670 848 711 908 ut
732 838 796 910 sua
819 836 1010 910 aedificent.
1059 838 1193 912 Adime

113 950 210 1034 sillia
244 951 283 1024 in
319 952 434 1050 legem
471 951 594 1049 Moysi
625 964 661 1024 et
695 952 890 1051 prophetas
916 958 953 1025 e't
984 952 1192 1026 Creatorem

139 1067 263 1140 Deum
287 1068 567 1157 accusationem,
592 1081 629 1140 et
651 1069 749 1166 loqui
777 1095 851 1140 non
876 1069 1022 1141 habent.
1074 1070 1133 1142 Ita
1150 1072 1193 1143 fit

139 1199 181 1257 ut
210 1184 331 1257 ruinas
358 1184 498 1258 facilius
525 1197 719 1284 operentur
744 1186 916 1259 stantium
945 1184 1192 1276 aedificiorum,

142 1327 251 1399 quam
281 1299 526 1374 extructiones
547 1300 749 1397 jacentium
779 1303 975 1375 ruinarum.
1026 1302 1086 1376 Ad
1114 1303 1193 1377 hoec

141 1417 370 1490 solummodo
400 1443 509 1516 opera
539 1417 694 1489 humiles
725 1431 761 1492 et
795 1418 919 1491 blandi
949 1433 987 1490 et
1021 1420 1191 1492 submissi
1244 1432 1249 1438 '

95 1532 264 1633 magunt.
316 1533 500 1624 Ceterum,
524 1560 590 1606 nec
618 1534 690 1607 suis
716 1534 936 1634 praesidibus'
955 1536 1191 1608 reverentiam

140 1663 328 1724 novemnt.
380 1650 431 1723 Et
454 1650 525 1723 hoc
549 1662 603 1722 est
626 1651 724 1747 quod
748 1653 943 1725 schismata
966 1652 1060 1752 apud
1081 1652 1193 1725 haere-

139 1764 229 1840 ticos
258 1767 332 1840 fere
362 1794 436 1839 non
467 1767 584 1840 sunt:¹
614 1768 698 1865 quia
725 1795 809 1841 cum
841 1769 924 1858 sint,
949 1796 1024 1842 non
1054 1781 1192 1868 parent.

140 1881 308 1955 Schisma
330 1894 385 1955 est
411 1882 530 1956 unitas
556 1883 653 1982 ipsis.
706 1883 869 1957 Mentior
891 1884 921 1956 si
945 1912 1017 1958 non
1036 1885 1146 1959 etiam
1170 1912 1191 1958 a

140 2000 271 2098 regulis
295 2000 368 2072 suis
386 2000 525 2072 variant
548 2000 643 2073 inter
668 2007 716 2091 se,¹
734 2001 821 2074 dum
842 2002 1090 2099 unusquisque
1107 2028 1190 2101 pro-

95 2108 128 2200 1'5
140 2115 223 2188 inde
238 2113 338 2216 (for.
350 2116 515 2215 perinde)
532 2143 596 2190 suo
615 2118 761 2190 arbitrio
775 2117 982 2191 modulatur
995 2144 1077 2216 quae
1091 2144 1191 2191 acce-

139 2233 213 2332 pit:
244 2231 554 2329 quemadmodum
581 2233 626 2307 de
652 2260 717 2307 suo
744 2233 890 2306 arbitrio
915 2261 958 2307 ea
984 2235 1191 2333 composuit

141 2350 199 2422 ille
217 2349 278 2448 qui
296 2349 461 2423 tradidit·
488 2350 665 2449 Agnoscit
682 2353 847 2423 naturam
867 2377 968 2424 suam
987 2363 1024 2424 et
1041 2350 1189 2449 originis

140 2461 213 2541 s'uae
235 2494 387 2554 morem,
405 2469 587 2567 profectus
605 2467 667 2539 rei.
720 2467 823 2540 Idem
849 2466 952 2540 licuit
967 2465 1190 2541 Valentinia-

139 2585 194 2658 nis
225 2584 323 2681 quod
349 2584 555 2672 Valentino,
580 2583 678 2656 idem
709 2583 936 2657 Marcionitis
963 2583 1061 2681 quod
1089 2581 1190 2655 Mar-

92 2727 129 2765 20
139 2700 247 2790 cioni‚
263 2700 309 2773 de
328 2700 473 2774 arbitrio
492 2727 557 2773 suo
575 2699 683 2772 fidem
703 2701 884 2774 innovare.
936 2701 1109 2798 Denique
1125 2726 1189 2799 pe·-

138 2819 235 2893 nitus
254 2818 423 2916 inspectae
442 2818 593 2891 haereses
611 2845 748 2908 omneS,
762 2819 800 2891 in
819 2819 941 2892 multis
960 2844 1045 2891 cum
1065 2830 1189 2891 aucto·
1286 2848 1288 2850 ·

137 2936 237 3009 ribus
263 2935 335 3009 suis
362 2934 613 3008 dissentientes
640 2934 967 3041 deprehenduntur.
1020 2933 1187 3030 Plerique

138 3079 205 3126 nec
236 3051 403 3125 ecclesias
434 3050 581 3141 habent,
611 3051 687 3124 sine
718 3063 843 3136 matre,
874 3051 952 3124 sine
982 3050 1077 3139 sede,
1106 3048 1185 3122 orbi

137 3168 220 3258 fide,
238 3180 406 3258 extorreS,
423 3168 525 3265 quasi
544 3167 621 3240 sine
637 3168 710 3239 lare
728 3180 913 3266 vagantur.

92 3280 142 3366 ἐς
186 3282 324 3357 Notata
348 3298 432 3357 sunt
454 3285 563 3357 etiam
588 3285 805 3357 commercia
830 3282 1075 3355 haereticorum
1097 3306 1181 3354 cum
1227 3324 1312 3375 ΜΡ,

138 3402 252 3499 magis
265 3429 373 3500 quam
388 3402 564 3500 pluribuS,
578 3427 661 3473 cum
677 3398 960 3487 circulatoribus,
974 3424 1057 3471 cum
1072 3405 1183 3470 astross
1218 3389 1319 3441 fflfl·

138 3519 239 3616 logis,
270 3546 352 3592 cum
384 3519 622 3618 philosophis
651 3517 848 3592 curiositati
875 3517 1012 3591 scilicet
1040 3515 1183 3592 deditis.

141 3634 314 3726 Quanta,
335 3647 371 3710 et
393 3637 594 3726 invenietis
616 3635 752 3733 ubique
776 3625 1030 3708 meminerunt.
1079 3634 1184 3728 Adeo

136 3765 172 3824 et
197 3752 393 3850 degenere
421 3748 700 3826 conversationis
724 3752 878 3850 qualitas
904 3751 988 3825 fidei
1012 3751 1181 3825 aestimari

87 3880 277 3966 30potest:
297 3868 469 3943 doctrinae
486 3864 595 3942 index
612 3868 802 3969 disciplina
819 3881 887 3942 est:
906 3881 1041 3967 negant
1058 3868 1182 3963 Deum

135 3983 350 4082 timendum.
395 3986 523 4084 Itaque
540 3985 652 4059 libera
670 3996 754 4057 sunt
771 3984 841 4057 illis
860 3985 984 4057 omnia
1000 3998 1038 4057 et
1055 3982 1182 4057 soluta'L

136 4098 212 4173 Ubi
242 4095 362 4174 autem
393 4096 496 4174 Deus
524 4127 597 4174 non
625 4102 786 4190 timetur,
813 4100 881 4174 nisi
910 4100 973 4174 ubi
1002 4126 1074 4173 nou
1103 4099 1183 4172 est?

136 4216 210 4289 Ubi
230 4216 332 4290 Deus
351 4244 425 4290 non
443 4232 508 4309 est,
526 4245 592 4292 uec
609 4218 738 4292 veritas
757 4219 830 4290 ulla
848 4231 914 4291 est
963 4217 1037 4291 Ubi
1055 4216 1187 4289 veritas
