2678 4830
151 317 216 383 184
504 311 845 379 TERTULLIANI

151 501 189 564 et
205 486 266 560 hic
283 484 512 585 praescribam
529 512 602 560 non
621 485 724 560 aliter
740 483 883 584 probari
897 481 1039 573 debere,
1052 482 1121 557 nisi
1138 510 1206 584 per

151 602 295 679 easdem
309 601 489 692 ecclesias,
502 627 591 699 quas
604 602 673 702 ipsi
692 601 844 701 apostoli
859 598 1108 690 condiderunt,
1122 599 1207 700 ipsi,

151 720 202 796 eis
227 716 467 820 praedicando,
483 730 561 792 tam
585 719 666 792 viva
687 716 799 815 (quod
826 717 941 815 aiunt)
967 742 1067 803 voce,
1091 741 1203 813 quam

15 859 134 912 mesu
150 863 217 938 per
232 833 401 935 epistolas
418 846 554 934 postea.
605 834 643 908 Si
667 835 746 910 haec
762 834 814 909 ita
831 847 935 920 sunt3
961 845 1104 909 constat
1121 859 1205 933 pro-

151 951 247 1042 inde,
259 977 408 1024 omnem
426 949 641 1041 doctrinam,
653 978 734 1050 quae
751 977 837 1026 oum
856 951 926 1024 illis
944 950 1103 1024 ecclesiis
1117 975 1205 1048 apo-
1213 978 1231 1039 5

152 1068 299 1160 stolicis,
314 1066 523 1142 matricibus
535 1081 573 1142 et
586 1067 684 1170 (for.
694 1081 731 1142 et
743 1067 898 1166 delend.)
911 1066 1146 1166 originalibus
1160 1067 1204 1138 fi-

152 1185 222 1276 dei,
235 1184 427 1284 conspiret,
438 1184 579 1258 veritati
591 1183 850 1285 deputandam,
864 1184 940 1257 sine
952 1183 1063 1258 dubio
1076 1197 1205 1257 teneu-

152 1316 228 1377 tem
242 1298 341 1403 (for.
353 1301 575 1400 tenentibus)
586 1300 683 1400 quod
696 1300 855 1375 ecclesiae
865 1301 911 1374 ab
923 1299 1105 1400 apostolis,
1118 1325 1206 1399 apo-

154 1419 236 1494 stoli
262 1445 283 1493 a
303 1417 462 1509 Christo,
479 1417 647 1492 Christus
671 1444 691 1491 a
713 1417 797 1491 Deo
822 1416 1000 1517 suscepit:
1025 1415 1203 1513 reliquam

153 1562 238 1610 vero
250 1562 397 1609 omnem
411 1535 612 1609 doctrinam
624 1532 669 1608 de
683 1533 871 1608 mendacio
883 1531 1205 1634 praejudicandam,
1218 1566 1255 1606 ιο

155 1680 235 1753 quae
246 1653 363 1752 sapiat
375 1665 500 1726 contra
512 1652 701 1725 veritatem
714 1651 958 1741 ecclesiarum,
970 1663 1007 1722 et
1024 1650 1204 1748 apostolo-

154 1796 247 1860 rum,
258 1782 294 1842 et
307 1767 455 1858 Christi,
468 1780 504 1841 et
517 1767 601 1841 Dei.
627 1768 799 1867 Superest
811 1795 896 1867 ergo
913 1767 965 1840 uti
979 1766 1203 1840 demonstre-

155 1914 253 1971 mus;
278 1913 325 1959 an
349 1884 427 1958 haec
452 1896 573 1957 nostra
594 1884 767 1975 doctrina,
786 1885 888 1982 cujus
910 1884 1071 1983 regulam
1096 1911 1205 1984 supra

154 2002 346 2088 edidimus,
372 2001 418 2074 de
442 2002 686 2100 apostolorum
712 2001 905 2075 traditione
931 2015 1135 2085 consectum
1166 2013 1205 2074 et

154 2145 201 2194 ex
219 2119 289 2194 hoo
306 2119 396 2219 ipso,
414 2144 459 2192 an
478 2131 604 2192 ceterae
621 2117 666 2190 de
686 2118 874 2192 mendacio
890 2116 1049 2191 veniant.
1092 2116 1251 2207 Com-15

154 2237 383 2312 municamus
418 2263 504 2310 cum
538 2235 698 2309 ecclesiis
733 2235 948 2336 apostolicis,
975 2234 1074 2332 quod
1103 2236 1205 2307 nulla

154 2354 319 2429 doctriua
335 2354 484 2428 diversa.
538 2353 622 2426 Hoc
639 2366 694 2426 est
712 2351 960 2426 testimonium
979 2350 1150 2425 veritatis.

217 2472 289 2546 Sed
316 2472 487 2569 quoniam
515 2484 592 2544 tam
619 2469 790 2569 expedita
813 2468 979 2569 probatio
1008 2483 1072 2559 est,
1102 2480 1143 2542 ut
1172 2470 1201 2541 si

105 2579 112 2593 ⁶
154 2589 276 2664 statim
302 2588 512 2688 proferatur,
530 2586 622 2660 nihil
637 2585 718 2682 jam
739 2586 786 2659 sit
808 2586 1091 2671 retractandum
1111 2612 1152 2658 ac
1172 2586 1200 2658 si

152 2705 292 2804 prolata
317 2731 391 2776 non
418 2704 464 2777 sit
490 2732 510 2777 a
536 2703 654 2794 nobiS,
680 2704 799 2776 locum
825 2702 967 2775 interim
995 2701 1122 2774 demus
1149 2701 1252 2774 di·20

153 2847 264 2894 versae
289 2820 393 2918 parti,
419 2820 448 2892 si
474 2818 560 2917 quid
587 2832 718 2918 putant
748 2817 791 2892 ad
823 2818 1078 2891 infirmandam
1107 2819 1203 2892 hanc

152 2936 464 3036 praescriptiouem
481 2961 624 3007 movere
642 2962 679 3007 se
697 2961 813 3034 posse.
841 2935 967 3008 Solent
983 2933 1112 3022 dicere,
1127 2961 1201 3007 non

154 3052 277 3126 omnia
294 3052 477 3151 apostolos
493 3050 616 3136 scisse;
633 3050 758 3124 eadem
778 3051 901 3149 agitati
920 3051 1113 3143 dementia,
1130 3079 1202 3150 qua

153 3196 273 3243 rursus
299 3179 524 3258 convertunt,
549 3169 672 3241 omnia
698 3167 847 3266 quidem
874 3170 1054 3267 apostolos
1081 3168 1200 3254 scisse,

154 3286 215 3360 sed
255 3314 328 3359 non
367 3284 491 3358 omnia
524 3285 693 3359 omnibus
728 3284 939 3358 tradidisse:
977 3285 1015 3358 iu
1049 3299 1201 3384 utroque
1213 3313 1247 3374 25

154 3403 340 3476 Christum
359 3402 628 3501 reprehensioni
645 3401 888 3499 subjicientes,
908 3402 971 3499 qui
995 3416 1057 3476 aut
1081 3402 1201 3476 minus

155 3520 357 3608 instructos,
383 3532 444 3590 aut
473 3545 602 3618 parum
631 3519 812 3618 simplices
841 3519 1021 3618 apostolos
1050 3519 1201 3592 miserit.

156 3633 247 3717 Quis
272 3634 382 3732 igitur
407 3633 557 3733 integrae
582 3635 715 3708 mentis
741 3634 884 3709 credere
909 3649 1039 3736 potest,
1066 3635 1201 3733 aliquid

22 3789 65 3850 ³...
154 3777 216 3823 eos
237 3749 429 3846 ignorasse,
446 3777 536 3847 quos
562 3751 750 3850 magistros
775 3752 958 3826 Dominus
982 3752 1092 3843 dedit,
1110 3751 1203 3825 indi·

67 3872 74 3886 ‘
153 3865 280 3940 viduos
306 3865 442 3938 habens
465 3865 501 3938 in
529 3867 716 3957 comitatu,
739 3868 777 3940 in
802 3867 1030 3969 discipulatu,
1053 3869 1092 3941 in
1118 3894 1251 3956 con-30

154 3983 274 4068 victu;
301 3983 433 4081 quibus
464 3984 616 4057 obscura
642 4011 795 4082 quaeque
823 3986 967 4058 seorsim
994 3985 1202 4069 disserebat,

22 4135 37 4167 a
77 4119 127 4168 xiii.
155 4100 226 4174 illis
243 4100 366 4175 dicens
383 4099 509 4173 datum
535 4128 612 4174 esse
637 4128 852 4201 cognoscere
875 4129 1013 4192 arcana,
1031 4129 1114 4200 quae
1137 4129 1202 4201 po·

155 4216 242 4311 pulo
260 4218 459 4319 intelligere
478 4245 549 4291 non
568 4219 713 4292 liceret?
744 4219 870 4293 Latuit
887 4219 1021 4317 aliquid
1040 4220 1200 4306 Petrum,
