2678 4830
440 335 504 398 DE
528 333 903 404 MORTALITATE.
1132 337 1194 402 aa]

148 513 220 584 fine
237 519 409 592 testatur;
435 519 472 581 et
496 518 537 579 tu
561 533 634 579 non
658 505 740 579 Deo
764 506 895 606 gratias
920 505 1009 605 agis,
1033 534 1107 580 non
1128 507 1197 583 tibi

147 624 336 724 gratularis
354 623 452 721 quod
469 622 570 696 exitu
589 621 784 695 maturiore
799 624 1014 714 subtractus,
1030 623 1142 697 ruinis
1160 637 1197 698 et

147 740 340 838 naufragiis
357 751 395 812 et
410 738 527 838 plagis
545 738 820 812 imminentibus
838 738 1030 812 eximaris?

195 856 306 930 XIX.
332 854 645 928 Considerandum
669 866 734 946 est,
756 854 881 928 fratres
905 855 1142 948 dilectissimi,
1159 870 1197 932 et

118 973 343 1060 sidentidem
376 970 612 1071 cogitandum
641 971 865 1045 renuntiasse
890 995 955 1045 nos
985 972 1134 1064 mundo,
1159 986 1197 1048 et

145 1103 320 1186 tanquam
339 1087 499 1188 hospites
517 1100 554 1161 et
577 1087 784 1187 peregrinos
809 1088 869 1161 hic
891 1087 1037 1161 interim
1055 1087 1194 1187 degere.

145 1205 423 1305 Amplectamur
439 1205 536 1278 diem
560 1203 622 1303 qui
647 1204 806 1303 assignat
828 1203 988 1303 singulos
1012 1204 1197 1279 domicilio

147 1349 224 1412 suo,
250 1321 312 1418 qui
338 1349 404 1395 nos
429 1321 537 1396 istinc
563 1334 705 1420 ereptos
733 1336 769 1395 et
800 1320 936 1418 laqueis
967 1321 1196 1395 sacularibus

146 1439 328 1512 exsolutos
345 1436 509 1537 paradiso
527 1436 684 1511 restituit
701 1449 737 1510 et
753 1464 875 1536 regno.
912 1437 1004 1519 Quis
1023 1465 1097 1511 non
1115 1465 1197 1538 per-

102 1581 229 1653 roegre
263 1553 482 1627 constitutus
521 1567 729 1653 properaret
766 1552 803 1625 in
840 1553 994 1654 patriam
1028 1553 1195 1653 regredi?

147 1671 239 1754 Quis
258 1698 332 1744 non
351 1670 395 1744 ad
413 1697 496 1743 suos
513 1671 680 1768 navigare
698 1669 870 1742 festinans
883 1682 1032 1743 ventum
1046 1696 1196 1770 prospe-

145 1813 226 1860 rum
245 1786 410 1887 cupidius
428 1798 579 1886 optaret,
598 1799 639 1859 ut
655 1785 825 1859 velociter
848 1812 947 1859 caros
973 1785 1096 1860 liceret
1119 1812 1196 1859 am·

144 1901 279 2001 plecti?
322 1903 477 1976 Patriam
506 1914 666 1975 nostram
692 1901 899 2002 paradisum
926 1914 1194 2001 computamus.

145 2031 309 2118 parentes
343 2018 561 2118 patriarchas
592 2019 723 2091 habere
746 2017 824 2114 jam
855 2017 1043 2117 coepimus.
1095 2017 1195 2100 Quid
1253 2060 1256 2065 ·

101 2169 133 2226 15
146 2162 219 2208 non
246 2161 481 2234 properamus
512 2146 549 2206 et
578 2134 754 2207 currimus
784 2130 826 2207 ut
852 2134 1008 2232 patriam
1034 2146 1195 2208 nostram

144 2251 278 2341 videre,
296 2264 337 2323 ut
353 2261 518 2349 parentes
536 2250 689 2322 salutare
706 2250 909 2348 possimus?
944 2251 1103 2349 Magnus
1121 2250 1196 2325 illic

146 2393 211 2439 nos
230 2392 393 2439 carorum
412 2392 584 2438 numerus
602 2378 793 2465 expectat3
811 2359 1015 2464 parentum,
1032 2367 1196 2458 fratrum,

12 2496 16 2501 ’
145 2482 303 2553 filiorum
332 2480 499 2578 frequens
529 2507 594 2553 nos
624 2493 660 2553 et
694 2480 840 2580 copiosa
869 2483 976 2555 turba
1005 2480 1196 2573 desiderat,

138 2598 216 2694 jam
235 2597 280 2670 de
298 2623 362 2669 sua
379 2596 631 2669 incolumitate
649 2623 786 2688 secura,
804 2595 923 2670 adhuc
940 2595 985 2669 de
1003 2610 1125 2672 nostra
1141 2626 1196 2672 sa-

99 2715 221 2788 aolute
239 2712 402 2786 sollicita.
428 2711 487 2786 Ad
507 2712 638 2786 horum
656 2726 894 2814 conspectum
907 2726 944 2787 et
961 2716 1195 2814 complexum

13 2854 14 2857 ’
144 2831 266 2904 venire
291 2842 425 2929 quanta
447 2841 485 2902 et
507 2828 576 2902 illis
600 2842 637 2902 et
663 2831 766 2903 nobis
787 2830 825 2904 in
850 2857 1045 2905 commune
1070 2832 1196 2906 laetitia

145 2951 219 3022 estl
263 2947 389 3030 Qualis
412 2946 486 3019 illic
503 2947 702 3021 coelestium
725 2974 917 3047 regnorum
935 2949 1101 3050 voluptas
1119 2949 1196 3023 sine

144 3064 274 3138 timore
300 3062 488 3152 moriendi,
513 3076 550 3136 et
576 3090 660 3137 cum
689 3064 889 3139 aeternitate
913 3064 1058 3140 vivendi
1084 3093 1195 3164 quam

145 3208 290 3256 summa
306 3192 343 3253 et
358 3193 533 3279 perpetua
549 3180 722 3254 felicitas!
755 3180 837 3254 Illic
855 3183 1099 3281 apostolorum
1117 3184 1195 3281 glo·

97 3326 133 3389 25
144 3299 258 3373 riosus
288 3298 430 3387 chorae,
460 3297 535 3370 illic
564 3298 825 3397 prophetarum
856 3297 1096 3371 exultantium
1128 3324 1195 3371 nu-

145 3444 276 3505 merus,
306 3415 380 3489 illic
414 3428 613 3513 martyrum
649 3415 920 3488 innumerabilis
954 3415 1109 3515 populus
1145 3417 1193 3489 ob

144 3532 349 3607 certaminis
372 3545 409 3605 et
431 3531 607 3631 passionis
630 3531 817 3604 victoriam
841 3545 1043 3621 coronatus,
1065 3531 1194 3606 trium-

144 3651 299 3749 phantes
328 3649 497 3749 virgines,
526 3673 608 3746 quae
642 3647 976 3747 concupiscentiam
1009 3651 1124 3722 carnis
1155 3662 1194 3724 et

144 3765 302 3865 corporis
325 3765 555 3838 continentiae
576 3767 703 3838 robore
726 3764 956 3862 subegerunt,
974 3763 1192 3837 remunerati

96 3911 136 3969 30
146 3880 401 3967 misericordes,
424 3882 487 3980 qui
512 3882 692 3956 alimentis
717 3894 755 3956 et
780 3881 1030 3981 largitionibus
1055 3906 1194 3979 paupe-

144 4021 226 4067 rum
238 3995 390 4090 justitiae
408 4024 517 4097 opera
534 3998 707 4084 fecerunt,
721 3997 784 4097 qui
802 3997 999 4072 Dominica
1012 4007 1194 4095 praecepta

145 4124 324 4185 servantes
350 4113 396 4188 ad
422 4115 582 4188 coelestes
606 4114 792 4189 thesauros
815 4127 955 4189 terrena
975 4110 1193 4214 patrimonia
