2678 4830
334 305 398 368 DE
422 303 821 368 PRAESCRIPTIONE
846 305 973 368 HAER.
1113 304 1183 368 lau

131 476 290 550 tionibus
314 475 515 573 magistros.
566 476 694 574 Itaque
712 503 785 549 uno
802 501 927 548 eorum
945 474 1106 564 decusso,
1123 502 1182 549 re·

131 593 249 691 liquos
267 591 435 664 undecim
455 591 657 691 digrediens
675 591 719 666 ad
743 593 885 666 Patrem
903 605 987 692 post
1004 619 1182 666 resurrec-

131 710 281 794 tionem,
301 708 411 804 jussit
437 708 486 782 ire
511 723 548 782 et
573 708 700 782 docere
726 708 900 799 nationes,
923 708 1262 813 intinguendasuaq,

132 827 170 900 in
196 827 340 898 Patrem
366 838 403 898 et
428 826 466 898 in
496 826 633 899 Filium
659 838 696 898 et
722 825 759 898 in
786 825 962 925 Spiritum
990 815 1270 899 Sanctum.¹¹⁷¹¹¹'

106 943 265 1041 5Statim
289 943 398 1041 igitur
420 943 571 1041 apostoli
597 943 702 1040 (quos
729 943 810 1016 haec
834 944 1028 1042 appellatio
1053 943 1273 1016 missosaai.

134 1059 402 1158 interpretatur)
420 1072 605 1158 assumpto
623 1085 687 1158 per
704 1073 837 1132 sortem
849 1059 1066 1133 duodecimo
1081 1058 1182 1131 Mat-

133 1177 212 1249 thia
234 1177 271 1249 in
292 1177 412 1248 locum
431 1176 457 1248 J
461 1175 541 1248 udae
564 1201 610 1248 ex
634 1175 845 1249 auctoritate
867 1175 1079 1275 prophetia,
1099 1202 1182 1273 quae

134 1306 189 1366 est
206 1293 244 1366 in
261 1294 403 1394 psalmo
420 1291 552 1380 David,
570 1293 752 1366 consecuti
771 1293 986 1392 promissam
1004 1293 1077 1366 vim
1096 1291 1252 1392 Spi-Pot
1263 1314 1328 1366 miii.

135 1411 224 1484 ritus
247 1410 370 1484 Sancti
393 1409 438 1482 ad
455 1410 602 1483 virtutes
625 1422 662 1482 et
684 1408 880 1510 eloquium,
896 1409 1016 1510 primo
1031 1437 1097 1511 per
1112 1409 1138 1483 J
1142 1432 1246 1483 u-Aoe
1258 1430 1285 1479 ii.

91 1528 253 1608 10daeam
280 1538 478 1600 contestata
502 1526 573 1598 fide
597 1527 633 1598 in
651 1529 777 1599 Jesum
798 1526 996 1618 Christum,
1013 1539 1050 1598 et
1069 1525 1183 1600 eccle·

137 1643 197 1716 siis
226 1644 413 1735 institutis,
443 1643 576 1717 dehinc
605 1644 644 1715 in
671 1645 796 1716 orbern
826 1643 989 1743 profecti,
1015 1642 1319 1747 eamdemnceviia·

136 1761 339 1835 doctrinam
373 1760 534 1857 ejusdem
570 1759 655 1833 fidei
689 1761 894 1834 nationibus
930 1750 1311 1861 promulgave-X’fflffi

138 1891 246 1964 runt;
265 1892 301 1952 et
318 1876 469 1978 proinde
487 1877 654 1950 ecclesias
671 1878 767 1978 apud
785 1905 1080 1977 unamquamque
1097 1878 1249 1954 civi-Act.
1260 1901 1310 1951 xiv.

138 2008 250 2069 tatem
274 1994 534 2069 condiderunt:
562 1994 733 2093 aquibus
756 1995 938 2069 traducem
964 1994 1048 2068 fidei
1073 2007 1109 2068 et
1131 2023 1186 2068 se-

95 2150 127 2211 15
141 2113 239 2185 mina
255 2111 426 2184 doctrinae
439 2122 565 2184 ceterae
578 2109 708 2183 exinde
725 2112 886 2184 ecclesiae
903 2124 1079 2184 mutuatae
1092 2126 1187 2203 sunt,

138 2243 177 2302 et
203 2227 365 2327 quotidie
392 2241 616 2316 mutuantur,
637 2239 679 2300 ut
706 2227 865 2301 ecclesiae
891 2229 992 2301 fiant.
1042 2228 1099 2301 Ac
1123 2255 1188 2328 per

141 2347 211 2420 hoc
228 2358 265 2419 et
288 2345 375 2445 ipsae
398 2344 603 2445 apostolicae
626 2343 857 2443 deputantur,
875 2357 916 2417 ut
939 2345 1078 2417 soboles
1102 2371 1189 2444 apo-

142 2461 347 2536 stolicarum
365 2461 608 2534 ecclesiarum.
660 2461 783 2533 Omne
804 2487 918 2558 genus
942 2459 987 2532 ad
1011 2461 1187 2560 originem

143 2604 245 2653 suam
272 2591 470 2668 censeatur,
492 2604 638 2651 necesse
661 2591 726 2650 est.
778 2578 906 2675 ltaque
933 2591 987 2650 tot
1012 2605 1054 2652 ac
1080 2591 1189 2652 tantoe

97 2739 134 2777 20
144 2694 313 2785 ecclesiae,
339 2723 412 2768 una
441 2709 497 2768 est
525 2694 586 2768 illa
616 2696 662 2768 ab
690 2695 860 2794 apostolis
886 2695 1015 2794 prima,
1041 2721 1087 2767 ex
1117 2721 1192 2793 qua

144 2837 281 2884 omnes.
332 2811 394 2884 Sic
423 2837 549 2884 omnes
579 2809 716 2910 primae,
742 2822 780 2883 et
806 2836 932 2884 omnes
962 2811 1190 2909 apostolicae;
1275 2820 1277 2823 ’

144 2926 230 3000 dum
250 2953 322 3000 una
338 2953 477 3000 omnes.
528 2927 686 3001 Probant
709 2927 885 3001 unitatem
907 2927 1192 3002 communicatio

145 3043 255 3144 pacis,
267 3056 304 3116 et
320 3044 514 3143 appellatio
532 3043 775 3138 fraternitatis,
788 3057 825 3117 et
840 3044 1094 3117 contesseratio
1110 3045 1193 3118 hos-

146 3160 353 3261 pitalitatis:
375 3187 456 3258 quae
467 3160 551 3257 jura
567 3188 640 3233 non
659 3161 728 3234 alia
744 3160 835 3234 ratio
852 3160 953 3259 regit,
971 3187 1081 3258 quam
1100 3161 1194 3257 ejus-

101 3317 135 3379 25
147 3276 229 3349 dem
249 3278 461 3351 sacramenti
479 3304 551 3349 una
567 3276 722 3350 traditio.

198 3393 299 3467 Hinc
316 3393 427 3492 igitur
443 3391 630 3491 dirigimus
651 3392 985 3493 praescriptionem:
1012 3392 1041 3466 si
1064 3391 1194 3465 Domi·
1238 3421 1322 3471 cnr.

147 3537 215 3583 nus
227 3512 335 3584 Jesus
349 3510 515 3583 Christus
534 3510 714 3608 apostolos
733 3509 832 3584 misit
849 3509 892 3582 ad
912 3509 1192 3609 praedicandum,
1203 3488 1316 3606 Maiuxxl..

149 3627 236 3700 alios
260 3655 333 3700 non
357 3655 435 3701 esse
457 3625 680 3726 recipiendos
698 3626 958 3726 praedicatores,
976 3653 1085 3726 quam
1103 3653 1193 3725 quos

149 3744 315 3817 Christus
335 3743 511 3817 instituitz
536 3744 621 3842 quia
638 3744 818 3818 nesolius
837 3745 992 3819 Patrem
1009 3744 1108 3822 nouit
1125 3744 1197 3817 nisi
1205 3771 1265 3820 naa
1276 3787 1304 3818 ι.

101 3860 280 3961 30FilinS,
309 3873 344 3936 et
372 3862 432 3935 cui
457 3860 577 3934 Filias
601 3860 789 3937 revelavit.
841 3861 922 3934 Nec
952 3861 1030 3934 aliis
1057 3859 1197 3933 videtur

149 3979 322 4052 revelasse
346 3978 470 4066 Filius,
488 4003 597 4075 quam
620 3979 802 4075 apostolis,
820 4005 911 4078 quos
930 3978 1027 4051 misit
1045 3977 1089 4050 ad
1108 4004 1197 4076 prae-

151 4093 342 4167 dicandum
367 4094 493 4193 utique
509 4093 606 4192 quod
630 4095 700 4167 illis
723 4094 903 4169 revelavit.
957 4093 1056 4177 Quid
1074 4103 1216 4166 autern«

151 4208 433 4308 praedicaverint,
452 4209 487 4283 id
506 4226 572 4301 est,
588 4210 675 4309 quid
694 4210 762 4284 illis
781 4211 947 4284 Christus
968 4209 1174 4284 revelaverit
1183 4241 1197 4301 3

646 4347 704 4412 ¹43
