2678 4830
38 297 102 360 210
372 294 752 359 ANNOTATIONES

38 467 128 540 sisse;
146 465 225 530 hanc
240 465 402 528 scintillam
416 466 535 529 solvam
550 487 622 528 esse.
658 465 813 530 Convenit
828 464 895 528 haec
910 465 1095 530 emendatio

38 568 103 618 tam
120 576 191 616 cum
212 551 260 628 iis,
281 574 354 637 quae
372 551 405 614 in
423 575 490 639 cap.
506 571 537 636 3.
555 570 740 638 sequuntur,
756 573 852 636 quam
868 573 939 614 cum
957 551 1094 616 Tertul-

38 639 121 702 liano
141 638 174 701 in
193 637 247 702 lib.
261 638 313 700 De
327 639 444 701 Animo
458 661 528 724 cap.
544 656 593 723 23.
611 654 707 724 atque
723 638 845 700 Irenaeo
859 636 912 699 lib.
927 638 955 698 Ι.
972 640 1093 702 Contra

38 725 181 789 Haereses
195 747 231 788 ca
258 741 330 789 .22.
347 723 403 787 ubi
417 723 457 787 de
479 723 638 787 Saturnini
659 723 741 786 scitis
761 722 874 808 agitur.
922 722 1050 787 Interea
1070 747 1093 788 a

38 810 136 877 Junio
151 747 300 898 praeclare
316 809 500 873 emendante
519 809 643 884 rectius,
660 808 692 872 ni
707 807 808 885 fallor,
824 807 961 895 positum
977 809 1093 874 fuisset

37 898 201 961 scintillant
222 897 307 973 vitre,
324 917 419 980 quam
441 896 513 958 vitm
533 896 706 971 scintillam,
727 894 881 980 siquidem
903 910 1034 981 propter
1053 897 1091 960 τὸ

37 982 274 1063 ὁμοιοτελευτὸν,
295 1004 349 1044 seu
369 980 453 1044 vocis
474 981 615 1043 scintillae
637 980 863 1066 repetitionem,
887 980 1010 1045 omissio
1032 1005 1091 1046 vo-

37 1091 109 1132 cum
125 1068 356 1154 interjectarum
371 1065 535 1151 contigisse
549 1065 704 1129 videatur.

81 1154 119 1218 P.
145 1155 215 1238 158.
243 1152 266 1215 l.
286 1172 341 1237 33.
370 1153 562 1237 frequenter]
593 1155 648 1214 An
675 1153 897 1237 frequentare?
933 1155 1088 1217 Struma.

38 1238 191 1325 Alioquin
204 1238 388 1301 adverbium
400 1260 471 1302 cum
484 1248 638 1301 concutere
649 1238 895 1302 construendum
906 1239 995 1303 foret.
1022 1239 1088 1304 Sed

36 1325 167 1390 fortasse
181 1323 390 1398 scribendum,
406 1333 435 1386 er
454 1323 604 1387 seditione
623 1347 672 1387 res
683 1323 859 1471 frequenter
873 1334 902 1387 et
917 1323 998 1389 bello
1013 1348 1087 1389 con·

37 1421 147 1490 catere,
163 1435 222 1499 pro
237 1421 266 1474 et
281 1409 446 1474 seditiones
451 1408 628 1494 frequenter
642 1420 671 1473 et
687 1408 737 1474 bel
750 1433 769 1473 a
783 1420 947 1474 concutere.

82 1497 119 1562 P.
138 1514 209 1581 159.
225 1496 244 1558 l.
262 1516 310 1581 13.
335 1519 375 1559 ex
396 1495 454 1559 hac
477 1494 683 1583 permixtione
704 1495 809 1583 pudor
830 1509 876 1559 est
896 1495 998 1560 dicere
1012 1519 1087 1581 quae

36 1582 123 1646 foeda
149 1598 181 1646 et
203 1582 367 1646 immunda
389 1595 516 1645 suntet
541 1597 653 1646 caetera
676 1582 839 1655 obscoena;
870 1604 977 1645 omnes
1002 1581 1086 1646 enim

36 1669 132 1732 refert
153 1667 305 1753 quosdam
329 1666 533 1754 turpitudinis
555 1683 654 1744 natos,
671 1667 743 1749 dcc]
767 1668 818 1730 lta
840 1690 872 1731 se
894 1667 988 1731 babet
1009 1667 1085 1732 edit.

37 1753 191 1840 princeps.
238 1755 278 1816 In
301 1752 389 1816 editt.
414 1752 513 1816 Paris.
536 1768 566 1816 et
590 1751 724 1816 Franek.
748 1763 818 1815 sunt
837 1767 908 1839 post
929 1754 1087 1817 immunda

37 1861 110 1903 cum
130 1837 332 1924 sequentibus
351 1838 489 1924 positum
511 1852 566 1902 est.
613 1840 652 1901 In
672 1837 758 1903 hunc
776 1852 880 1902 autem
897 1839 1025 1902 modum
1041 1839 1087 1904 lo-

37 1947 108 1988 cum
127 1923 360 2011 repraesentavit
381 1923 547 2009 Rigaltius.
579 1924 634 1986 Ex
649 1926 706 1988 huc
718 1926 915 2007 permixtione
926 1927 1025 2006 pudor
1040 1935 1086 1989 est

37 2011 135 2074 dicere
159 2032 227 2094 quae
243 2009 334 2090 sceda
361 2020 391 2073 et
416 2011 570 2072 immundo
597 2022 678 2073 sunt.
717 2012 866 2075 Homines
889 2013 968 2074 eninr
991 2008 1086 2091 refert

36 2098 183 2179 quosdam
198 2096 392 2178 turpitudinis
407 2105 506 2158 notos.
544 2097 627 2160 Cum
643 2119 717 2160 vero
734 2096 838 2160 omnia
858 2097 925 2161 haec
943 2111 975 2160 et
992 2096 1086 2183 plura

35 2196 107 2268 post
122 2205 211 2246 voces
226 2205 265 2244 er
281 2183 338 2245 hoc
349 2182 548 2262 permistione
563 2205 663 2268 usque
678 2183 719 2246 ad
733 2181 812 2261 illae,
828 2193 918 2246 natos
933 2192 1086 2263 prcetereo

36 2270 196 2346 daenmnes,
211 2273 426 2349 παρενθετικῶς
439 2265 587 2331 collocem
602 2268 778 2346 videantur,
793 2282 895 2332 totum
911 2267 1014 2331 locum
1029 2291 1083 2331 ve-

35 2353 90 2417 lim
112 2353 157 2418 ita
181 2355 344 2439 refingere,
368 2368 464 2440 atque
487 2353 694 2439 distinguere:
722 2355 777 2416 Ex
804 2355 861 2417 buc
886 2354 1086 2435 permixtione

37 2441 153 2523 (pudor
168 2451 213 2503 est
229 2442 338 2519 dicere,
353 2462 419 2523 quae
425 2439 516 2522 foedu
531 2450 560 2502 et
575 2441 740 2502 immundo.
770 2439 847 2502 Sunt
861 2449 890 2502 et
905 2450 1015 2503 caeteru
1030 2441 1083 2503 ob-

34 2545 152 2602 scoenn,·
168 2549 260 2589 omne
275 2526 353 2589 enim
367 2524 458 2607 refert
472 2525 624 2612 quasdam
641 2526 834 2606 turpitudinis
847 2539 948 2602 notas,
959 2535 989 2588 et
1005 2547 1086 2588 corn-

31 2611 148 2692 pern,
171 2622 201 2675 et
220 2612 436 2693 permixtiones
463 2612 652 2691 execrabiles,
676 2613 883 2695 obscenosque
907 2611 1085 2695 conjunctus

36 2697 110 2778 (hoc
124 2712 181 2775 est,
196 2697 443 2782 conjunctiones),
459 2708 489 2760 et
503 2699 644 2781 quredurn
664 2719 704 2760 erc
724 2697 797 2779 ipsis
816 2699 916 2761 odlruc
932 2697 1083 2780 turpiora)

33 2793 123 2846 natos
146 2793 295 2864 preterea
317 2785 466 2846 demones
490 2792 521 2845 et
544 2784 615 2845 deos
641 2785 694 2846 &c
752 2784 825 2845 Hoc
851 2781 928 2845 mihi
953 2781 1084 2868 quidem

33 2867 144 2965 placet.
191 2868 252 2931 Sed
274 2868 312 2932 Ri
336 2868 440 2945 altiuS,
456 2867 512 2954 qui
526 2867 593 2954 ipse
614 2869 747 2931 homines
790 2891 825 2932 ro
846 2889 947 2932 omnes
965 2866 1081 2953 posuit,

33 2976 66 3016 m
88 2953 170 3017 notis
192 2953 255 3017 suis
277 2892 383 3031 relect,
403 2953 559 3016 monuisse
578 2953 681 3016 virum
704 2891 959 3030 eruditissimum,
975 2953 1082 3038 legen-

33 3038 111 3102 dum
135 3060 242 3118 aeones,
257 3055 387 3126 propter
409 3037 626 3126 Epiphanium
649 3039 680 3102 in
705 3042 827 3104 Haeres.
850 3041 908 3103 Kal
925 3043 958 3102 ἐκ
977 3041 1083 3103 τούτου

33 3131 87 3189 τοῦ
107 3128 212 3192 αἰῶνος
231 3131 285 3188 τοῦ
304 3128 431 3208 αἰσχροῦ
450 3127 497 3190 καὶ
512 3129 562 3204 τῆς
576 3124 686 3207 μήτρας
700 3125 858 3208 γεγονέναι
874 3127 972 3192 Θεούς
985 3150 1018 3188 τε
1034 3126 1083 3189 καὶ

33 3211 100 3278 τοὺς
115 3211 263 3294 ἀγγέλους
277 3212 325 3274 καὶ
340 3213 489 3291 δαίμονας.
523 3210 664 3275 Scribere
679 3227 783 3274 autem
794 3211 931 3297 jusserat
946 3210 1083 3274 Latinus

32 3297 190 3375 LatiniuS,
206 3318 374 3361 communes
388 3321 445 3384 pro
460 3319 571 3375 ornnes,
588 3296 674 3382 quod
689 3298 801 3384 probat
816 3299 839 3360 J
843 3296 946 3359 unius.
980 3298 1082 3358 Caete-

31 3405 103 3446 rum
118 3407 209 3447 voces
226 3385 374 3467 quasdmn
392 3399 421 3447 et
443 3395 542 3458 notos,
558 3406 631 3468 quae
647 3383 680 3445 in
698 3383 773 3447 edit.
788 3382 920 3446 Halensi
940 3394 1082 3445 extantes

32 3469 211 3554 conjectura
226 3483 350 3533 tantum
364 3468 520 3549 nituntur,
534 3467 566 3531 in
586 3482 736 3532 contextu
756 3491 870 3549 errore,
885 3483 981 3554 atque
996 3471 1079 3553 prae'·

33 3567 80 3616 ter
94 3576 212 3617 morem
228 3576 345 3631 meum,
361 3554 479 3641 absque
494 3553 616 3618 monitu
631 3555 740 3640 positae
756 3568 837 3618 sunt.

77 3640 160 3703 Ibid.
177 3639 198 3704 l.
221 3641 269 3702 18.
296 3640 493 3728 conjunctas]
511 3642 584 3703 Hoc
598 3655 645 3703 est
659 3641 888 3727 conjunctiones.
913 3640 1056 3702 thAnr.

76 3725 162 3789 Ibid.
186 3725 204 3788 l.
222 3743 273 3788 21.
296 3738 328 3788 et
337 3725 404 3810 jam
419 3725 630 3812 praeterimus]
649 3725 700 3790 sic
715 3749 787 3789 cum
803 3725 921 3790 editore
938 3726 1081 3788 Romano

32 3810 114 3911 lego,
136 3834 194 3898 pro
216 3811 309 3873 etium
331 3813 532 3892 proterimus.
578 3811 656 3875 Vult
683 3812 840 3876 Semlerus
863 3834 1024 3909 reponere,
1047 3809 1082 3873 Si

32 3907 126 3960 etiarn
142 3897 340 3980 proterimus,
356 3900 434 3961 sotis
447 3907 493 3961 est
507 3897 591 3960 nobis
607 3900 661 3962 &c
710 3900 814 3984 Supra
832 3898 863 3960 in
884 3896 938 3962 lm.
953 3916 1004 3963 20.
1020 3896 1080 3960 tol-

32 3982 155 4048 lebatur
170 4007 190 4047 a
202 3984 223 4049 J
225 3981 300 4046 unio
314 4006 375 4046 vox
390 3984 467 4047 sotis
481 3996 553 4046 ante
568 3984 727 4070 sacrilega.
775 3983 837 4047 Sed
857 3998 1001 4047 neutram
1022 4005 1080 4069 ap-

32 4070 132 4154 probo
146 4069 367 4155 conjecturam.

77 4155 160 4218 Ibid.
176 4155 194 4217 l.
213 4174 262 4239 23.
279 4153 461 4238 gravissima
475 4153 636 4217 sententiae
651 4153 850 4240 auctoritate]
863 4155 917 4216 An
929 4176 1081 4240 reponen-

33 4237 108 4303 dum
123 4241 338 4327 meandum?
