2678 4830
262 352 326 415 DE
351 351 507 416 OPERE
531 352 596 414 ET
620 350 971 417 ELEEMOSYNIS.
1079 355 1141 424 291

80 520 192 622 fleri,
210 523 376 597 incidunt
400 522 440 596 in
465 522 699 597 tentationem
727 533 762 596 et
786 524 825 596 in
850 523 1091 620 muscipulam
1110 535 1146 598 et

97 640 279 713 desiderio
300 639 419 712 multo
436 649 471 712 et
493 640 669 728 nocentia,
687 665 765 738 qno
781 649 953 738 mergunt
969 640 1145 714 hominem

96 755 137 827 in
159 755 398 853 perditionem
426 765 462 828 et
489 756 528 827 in
554 755 753 829 interitum.
797 756 922 830 Redin
949 758 1043 830 enim
1069 783 1144 829 om-

97 872 196 945 nium
214 870 392 944 malornm
407 881 461 944 est
478 871 672 969 eupiditoS,
686 897 795 971 quom
813 873 961 972 quidum
974 882 1146 970 oppeten-

69 1012 85 1075 5
99 997 153 1060 tes
170 986 494 1087 nonji'ogooernnt
510 985 634 1087 asido,
653 999 689 1062 et
705 989 940 1063 inseruerunt
955 1015 995 1061 se
1012 988 1145 1062 dolori-

98 1102 316 1177 haemulus.

147 1221 234 1294 VII.
262 1220 401 1293 Metuis
420 1248 464 1292 ne
482 1221 741 1325 patrimonium
760 1234 863 1294 tuum
882 1222 973 1294 forte
991 1221 1146 1312 deficiat,

31 1368 32 1373 ยน
100 1338 128 1410 si
158 1338 294 1436 operari
324 1363 369 1410 ex
399 1365 442 1409 eo
473 1337 617 1435 largiter
647 1337 824 1437 eoeperis?
862 1337 1019 1421 Quando
1048 1337 1145 1410 enim

100 1453 237 1526 factum
263 1467 317 1527 est
347 1467 389 1527 ut
412 1454 513 1549 justo
543 1467 690 1552 possent
715 1454 838 1527 deesse
864 1453 1035 1540 subsidia,
1061 1479 1145 1527 cum

56 1569 273 1668 roseriptum
300 1571 365 1642 sit:
392 1569 479 1642 Non
504 1570 641 1643 occidet
652 1568 764 1670 fame
782 1571 965 1645 Dominus
987 1571 1266 1643 animumn-om.

89 1687 266 1785 justum?
299 1688 425 1760 Helias
448 1687 486 1758 in
512 1687 704 1760 solitudine
727 1688 841 1760 eorvis
860 1687 1242 1768 ministrantibussmg.
1251 1703 1302 1752 xvii

93 1803 273 1902 pascitur,
300 1816 337 1877 et
371 1803 516 1876 Danieli
548 1805 586 1876 in
617 1804 696 1877 lacu
728 1803 771 1877 ad
807 1805 952 1877 leonum
989 1801 1277 1902 praedamnatus.

96 1919 200 2016 jussu
228 1921 321 2019 regis
352 1920 490 1994 incluso
518 1920 707 2019 prandium
736 1920 906 1995 divinitus
936 1897 1299 2021 apparatursspudffi*

103 2051 140 2109 et
162 2054 203 2110 tu
226 2038 356 2111 metuis
379 2066 425 2111 ne
448 2038 610 2136 operanti
634 2039 700 2111 tibi
719 2051 755 2111 et
778 2038 983 2111 Dominum
1008 2062 1150 2135 prome-

58 2154 195 2238 15renti
214 2152 306 2226 desit
323 2154 549 2241 alimentum,
567 2153 713 2250 quando
736 2154 813 2251 ipse
838 2153 873 2224 in
899 2152 1085 2250 evangelio
1106 2151 1150 2223 ad

104 2269 417 2368 exprobrationem
445 2295 570 2340 eorum
598 2269 730 2365 quibus
761 2295 864 2341 mens
895 2268 1006 2341 dubia
1032 2278 1087 2340 est
1114 2279 1153 2340 et

105 2385 194 2456 fides
221 2411 328 2483 parva
351 2398 572 2482 contestetur
597 2397 633 2455 et
659 2383 775 2456 dicat:
795 2385 961 2481 Aspicite
986 2383 1280 2458 valentiniana

106 2501 198 2591 eceli,
221 2501 389 2600 qnoniam
415 2527 486 2574 non
512 2501 702 2589 seminent,
725 2528 839 2601 neque
864 2512 1016 2590 metunt,
1037 2528 1153 2602 neque

106 2615 286 2715 coliigunt
311 2617 350 2688 in
376 2616 519 2705 irorreo,
546 2626 581 2689 et
603 2616 724 2689 Pater
747 2628 868 2691 nester
898 2616 1054 2691 coelestis
1084 2616 1153 2691 ulit

60 2733 184 2806 acillo.
220 2733 351 2806 Nonne
373 2760 435 2806 voe
451 2733 574 2830 pluris
596 2732 672 2806 iliis
694 2733 816 2806 estis?
858 2735 1030 2807 Volucres
1049 2733 1152 2807 Deus

106 2849 233 2950 pascit,
250 2862 285 2922 et
304 2850 506 2948 passeribus
524 2849 695 2922 alimenta
713 2849 842 2923 diurna
858 2863 1094 2950 praestantur3
1117 2862 1154 2923 et

106 2967 237 3065 quibus
264 2967 383 3038 nullus
409 2966 538 3039 divinae
564 2967 613 3038 rei
642 2993 765 3040 sensus
790 2980 854 3057 est,
881 2968 931 3039 eis
956 2994 1024 3039 nec
1047 2980 1153 3066 potua

108 3110 175 3156 nee
201 3083 302 3154 cibus
328 3082 438 3154 deest.
480 3082 537 3154 Tu
566 3082 785 3174 Christiane,
808 3097 847 3156 tu
875 3083 947 3156 Dei
975 3110 1088 3173 servo,
1113 3095 1154 3156 tu

109 3199 277 3299 operibus
302 3198 404 3272 bonis
422 3198 556 3286 dedito,
575 3211 615 3272 tu
638 3199 801 3272 Domino
825 3226 890 3271 suo
915 3226 996 3272 earo
1020 3199 1157 3296 aliquid

62 3336 98 3397 25
109 3314 294 3388 existimas
312 3315 545 3388 defuturum?
572 3314 639 3387 nisi
667 3315 695 3386 si
721 3328 825 3412 putas
850 3315 936 3411 quia
953 3314 1015 3411 qui
1033 3314 1158 3387 Chris-

109 3448 187 3504 tum
208 3431 335 3530 paseit,
354 3459 374 3504 a
391 3431 538 3504 Christo
557 3432 632 3530 ipse
650 3458 723 3504 non
742 3431 912 3530 pascitur,
931 3445 994 3503 aut
1014 3432 1065 3504 eis
1089 3444 1158 3505 ter-

110 3575 196 3620 rena
214 3548 364 3622 deerunt
381 3548 513 3646 quibus
531 3547 692 3621 eoelestia
709 3560 746 3619 et
763 3547 884 3620 diviua
903 3548 1121 3621 tribuuntur.

161 3664 269 3737 VIII.
297 3665 406 3738 Unde
430 3665 508 3737 hoec
529 3662 712 3737 incredula
730 3663 913 3761 cogitatio,
933 3663 1029 3736 unde
1047 3665 1159 3764 impia

112 3790 149 3849 et
178 3781 349 3878 sacrilega
380 3780 447 3853 ista
477 3780 687 3852 meditatio?
738 3779 835 3862 Quid
866 3780 952 3852 facit
982 3780 1020 3852 in
1050 3780 1160 3853 domo

65 3894 197 3974 sofidei
223 3897 401 3994 perfidum
430 3897 579 3997 pectus?
622 3896 720 3979 Quid
747 3896 808 3992 qui
836 3896 984 3969 Christo
1010 3897 1160 3970 omnino

114 4037 186 4082 non
205 4010 319 4084 eredit
337 4014 538 4112 appellatur
554 4027 590 4084 et
608 4010 739 4084 dieitur
756 4012 1010 4084 Christianus?
1036 4012 1161 4086 Pbari-

115 4128 175 4200 saei
194 4128 260 4200 tibi
281 4129 396 4226 magis
414 4129 579 4227 congruit
601 4155 747 4200 nomen.
797 4127 896 4200 Nam
921 4154 1006 4200 eum
1031 4128 1162 4201 Domi-

114 4270 182 4316 nus
210 4244 247 4315 in
278 4245 461 4344 evangelio
483 4246 530 4317 de
556 4243 796 4342 eleemosynis
823 4242 1033 4342 disputaret,
1059 4257 1096 4317 et
1122 4256 1163 4317 ut

609 4381 630 4422 u
647 4379 665 4426 2
