2678 4830
179 344 242 406 180
510 341 888 406 ANNOTATIONES

226 516 266 578 P.
286 533 357 599 113.
379 511 400 575 l.
417 514 445 577 8.
477 514 571 578 Certe
596 511 801 597 voluntarias]
831 512 882 576 lta
906 535 966 599 ego
990 511 1233 599 interpretarer.

179 599 283 665 Velari
305 598 436 663 feminas
458 599 576 687 nuptiis
598 597 691 663 seculi
713 614 770 663 aut
787 597 904 663 Christi
924 598 1074 676 addictas,
1095 599 1233 662 omnino

178 685 382 751 necessarium
392 699 449 751 est.
471 686 515 750 At
525 708 597 773 quae
606 685 814 772 virginitatem
824 684 1029 749 voluntariam
1040 684 1159 763 colunt,
1170 685 1232 749 do-

177 797 235 838 nec
245 771 391 836 maritum
408 771 465 837 sibi
479 786 670 859 comparent,
682 773 730 836 bis
739 794 867 859 prorsus
878 770 1091 836 interdicenda
1101 793 1165 834 non
1177 786 1230 836 est

178 859 287 948 capitis
302 857 439 938 nuditas,
455 858 509 922 sed
529 859 692 923 monendae
708 874 842 935 tantum,
858 874 894 923 ut
908 857 1035 922 meliora
1049 856 1228 944 disciplinae

178 945 304 1011 consilia
323 944 563 1031 amplectantur,
578 945 722 1044 quamvis
739 969 772 1008 se
785 944 921 1032 virgines
934 944 1092 1008 interdum
1107 944 1227 1031 menti·

177 1047 281 1097 antur.
328 1032 518 1096 Mendosum
534 1032 671 1096 codicem
687 1030 841 1119 explicare
857 1055 915 1119 per
935 1030 1014 1095 solas
1028 1029 1227 1117 conjecturas

177 1143 215 1183 co
238 1119 331 1182 mur.
356 1119 560 1183 Mnnnronr.
597 1119 798 1182 Voluntarias
812 1118 999 1205 interpretor
1013 1140 1072 1204 ego
1086 1116 1226 1203 virgines

178 1142 317 1269 voiintes
339 1203 445 1282 velari,
468 1227 541 1291 qnae
566 1227 597 1268 se
622 1228 749 1292 quoque
771 1204 907 1291 virgines
931 1227 997 1267 esse
1022 1225 1135 1289 negare
1157 1226 1224 1267 non

177 1309 320 1390 possunt,
335 1307 471 1356 attamen
487 1292 569 1356 inter
585 1309 701 1379 nuptas
718 1315 783 1355 sese
800 1291 899 1356 celare
913 1290 1032 1363 solent;
1054 1290 1112 1354 hoc
1127 1290 1225 1354 modo

177 1376 318 1465 ingloriae
329 1392 361 1441 et
374 1378 558 1456 obscuratae,
568 1378 754 1443 conscientia
768 1401 841 1441 vero
856 1376 1041 1464 virginitatis
1056 1399 1120 1440 suae
1135 1376 1225 1462 apud

178 1465 286 1528 Deum
305 1479 467 1528 contentas.
513 1466 640 1529 Interea
659 1488 717 1551 pro
736 1465 866 1529 vocibus
879 1466 915 1528 in
920 1465 1022 1550 firmo
1040 1485 1073 1526 re
1116 1485 1225 1526 nerem

177 1552 214 1614 in
227 1552 377 1637 irpiamiu,
389 1551 450 1628 vel,
462 1552 638 1637 infirmnm
649 1551 736 1638 quod
749 1552 876 1639 quidem
892 1551 1022 1615 verbum
1038 1486 1133 1613 habit
1147 1572 1226 1614 auc·

179 1652 228 1701 tor
241 1638 274 1700 in
290 1636 343 1701 lib.
361 1660 418 1700 suo
429 1638 466 1702 de
483 1639 609 1702 Cormsa
622 1639 755 1713 Militis,
770 1660 836 1725 cap.
850 1639 879 1701 6.

222 1722 307 1787 Ibid.
322 1720 343 1787 l.
362 1742 413 1789 21.
437 1738 559 1787 tantum
580 1723 689 1788 notitia
708 1724 776 1811 ejus
791 1723 938 1788 nubendo
953 1721 1054 1787 velata
1068 1723 1127 1807 est]
1148 1724 1227 1786 Sen-

178 1831 248 1872 sum
263 1808 322 1872 loci
335 1808 505 1873 ostendunt
518 1811 614 1888 verba
633 1808 821 1875 Tertulliani
840 1810 872 1873 in
892 1808 972 1874 libro
983 1811 1021 1873 de
1037 1811 1227 1898 Virginibus

184 1895 329 1959 Velandis
343 1917 412 1983 cap.
427 1915 477 1959 11.
495 1897 638 1960 Ostendit
651 1899 734 1960 enim
749 1899 842 1961 etiam
857 1899 987 1983 nuptias
1001 1897 1038 1959 de
1052 1904 1179 1983 aspectu
1194 1907 1227 1961 et

177 1983 386 2067 unimofieri,
400 1982 657 2069 quemadmodum
676 1991 801 2069 stupra,
816 1985 881 2047 nisi
900 1983 983 2070 quod
1000 1985 1095 2046 etiam
1110 1983 1227 2046 Rebec-

178 2090 247 2130 cam
260 2068 389 2155 quidum
402 2068 505 2141 adbuc
525 2068 641 2132 nebant.
682 2068 749 2133 Ubi
770 2092 790 2132 o
813 2068 887 2134 time
906 2068 1075 2133 adnotatur
1094 2068 1125 2132 in
1145 2068 1225 2133 edit.

179 2153 322 2232 Halensi,
351 2162 372 2193 “
389 2155 575 2232 Rebeccam,
602 2153 754 2240 virginem
783 2091 1019 2242 desponsatam
1051 2155 1103 2219 sed
1129 2154 1224 2220 aliam

179 2249 201 2280 “
216 2263 278 2304 non
293 2239 427 2304 velant.''
462 2241 618 2306 Nubende
631 2240 691 2305 hoc
705 2242 785 2321 loce,
801 2257 837 2308 ut
851 2241 994 2321 nuberet,
1009 2241 1172 2328 significat.

213 2326 308 2477 llbid.
324 2326 345 2391 l.
358 2329 411 2396 26.
442 2350 582 2392 caussam
605 2327 701 2414 dicat]
730 2331 778 2393 H.
799 2353 825 2394 e.
852 2328 1009 2416 culpatur,
1037 2327 1225 2415 reprehendi

179 2437 213 2477 so
225 2428 267 2478 et.

225 2499 309 2566 Ibid.
330 2500 352 2565 l.
371 2520 423 2584 29.
446 2498 511 2565 solo
525 2499 576 2565 die
591 2499 758 2565 Dominieo
772 2498 1015 2584 resurrectionis]
1035 2498 1223 2586 Legendum

179 2588 366 2652 Dominicis.
405 2588 457 2652 De
476 2609 561 2652 more
580 2586 648 2675 ipso
667 2586 780 2652 videsis
797 2602 902 2650 notam
917 2586 957 2650 ad
974 2588 1007 2650 S.
1021 2586 1107 2650 Petri
1121 2585 1222 2650 Alex-

179 2673 302 2737 andrini
318 2677 477 2738 Canonem
494 2673 550 2738 ult.
566 2673 599 2737 in
614 2672 675 2738 vol.
689 2675 761 2738 111.
777 2674 956 2760 Reliquiur.
974 2674 1069 2736 Sacr.

224 2759 307 2823 Ibid.
323 2759 343 2822 l.
359 2779 413 2845 30.
436 2758 491 2823 sed
512 2759 596 2823 omni
618 2759 782 2824 anxietatis
803 2759 928 2844 habitu]
953 2756 1130 2823 Desiderari
1154 2757 1224 2823 heic

179 2845 310 2909 verbum
334 2846 490 2909 abstinere
512 2846 588 2909 mihi
614 2845 748 2910 videtur.
793 2846 900 2923 Quum
923 2868 1007 2931 genu
1034 2844 1168 2921 flectere,
1192 2859 1224 2910 et

174 2931 331 3030 jejunare,
348 2931 525 2996 moestitiam
539 2946 635 3019 atque
648 2931 861 3018 poenitentiam
879 2930 1040 3019 spirarent,
1057 2930 1224 2996 Dominieo

179 3017 240 3096 dre,
256 3040 369 3104 nempe
390 3017 591 3082 exultationis
612 3018 674 3096 die,
689 3017 909 3082 abstinendum
931 3018 972 3082 ab
991 3041 1029 3081 eo
1048 3041 1133 3082 more
1149 3016 1221 3082 fuit.

179 3106 382 3169 Mnanronr.
421 3104 504 3167 Mihi
524 3104 663 3191 quidem,
679 3127 784 3169 vocem
802 3106 902 3190 efficio
915 3127 973 3191 pro
987 3106 1089 3192 <afficio
1104 3103 1220 3168 substi-

178 3191 290 3271 tuenti,
305 3191 428 3257 nullum
443 3191 572 3256 verbum
589 3190 756 3256 desiderari
771 3189 913 3255 hocloco
925 3190 1062 3254 videtur.
1239 3200 1245 3215 ³

222 3278 308 3342 Ibid.
321 3278 343 3342 l.
356 3299 410 3377 33.
427 3301 499 3364 quae
513 3278 621 3342 eadem
637 3277 838 3343 exultationis
853 3276 1077 3342 solemnitatem
1092 3276 1223 3363 dispun-

177 3363 294 3450 gimur]
314 3365 462 3429 Diximus
476 3378 508 3428 et
527 3364 559 3428 in
580 3367 764 3429 Pentecoste
778 3387 882 3452 genua
895 3386 958 3427 non
973 3363 1094 3428 flexisse
1110 3363 1220 3428 Chris-

178 3449 288 3515 tianos.
332 3450 445 3515 Nescio
466 3474 506 3514 an
528 3451 715 3538 legendum:
739 3475 809 3539 quse
824 3452 929 3515 eudem
948 3451 1152 3515 resultationis
1173 3473 1222 3514 so-

177 3536 323 3602 temnitur
337 3547 393 3614 est,
407 3538 644 3624 dispungimur.
690 3539 730 3602 In
752 3537 806 3602 lib.
828 3537 867 3600 dc
887 3536 1042 3601 Patientia
1064 3539 1222 3623 eepunnit

177 3623 235 3707 pro
246 3625 399 3709 prestitit
413 3639 598 3710 usurpatum
614 3638 661 3688 est
675 3647 694 3688 a
710 3622 925 3698 Tertullian03
947 3637 979 3687 et
991 3624 1160 3711 dispuncta
1174 3631 1220 3686 est

177 3729 235 3793 pro
249 3709 391 3773 absoluta
405 3732 475 3795 cap.
486 3729 516 3794 5.
532 3710 572 3774 de
588 3713 691 3774 Carne
707 3710 843 3789 Christi3
859 3724 890 3774 et
903 3719 1065 3798 expunget
1078 3732 1136 3796 pro
1144 3730 1219 3796 per-

165 3795 259 3880 ficiet
272 3793 303 3858 in
318 3794 373 3859 lib.
389 3795 429 3859 de
446 3797 576 3860 Resurr.
593 3796 714 3861 Carnis.
759 3799 799 3862 ln
815 3796 868 3859 lib.
884 3795 975 3859 etiam
991 3796 1141 3860 adversus
1155 3794 1217 3859 Ju-

177 3880 281 3946 daeos:
306 3883 429 3970 Itaque,
448 3880 502 3960 ait,
518 3883 752 3972 dispungamus
768 3884 910 3948 ordinem
924 3892 1070 3968 ereptum,
1087 3883 1145 3945 hoc
1160 3895 1217 3959 est,

176 3969 385 4033 absolvemus.
430 3967 536 4054 Igitur
553 3971 745 4036 tantumdem
763 3970 990 4056 dispungimus
1008 3969 1068 4033 hoc
1086 3968 1154 4032 loco
1174 3967 1218 4031 nil

165 4053 263 4119 *aliud
281 4053 442 4141 significet,
457 4078 552 4141 quarn
568 4067 771 4144 prestamus,
788 4070 820 4120 et
838 4055 1038 4120 absolvimus.
1070 4056 1216 4121 Musas.

177 4140 336 4226 Legerim,
351 4164 422 4228 quse
434 4142 541 4206 eudem
555 4144 758 4208 exultationis
773 4139 965 4206 solemnitate
979 4141 1191 4229 dispungitur.

194 4257 198 4266 '
219 4228 257 4291 Ρ·
273 4247 343 4309 114.
363 4227 385 4292 l·
402 4247 451 4312 15·
473 4229 558 4315 apud
581 4229 730 4314 Paulum]
756 4227 945 4316 Legendum
964 4227 1099 4309 videtur,
1118 4237 1176 4293 unt
1194 4248 1216 4290 a

174 4314 286 4380 Paule.
310 4315 516 4380 Muaaroar.
921 4333 925 4351 ε
1247 4321 1251 4327 -
