2678 4830
128 308 193 370 308
511 304 796 368 serrulam

130 478 216 550 ‹lurn
236 476 349 547 cernit
367 477 447 573 quis
466 477 576 548 aliurn
597 477 631 549 in
651 477 846 548 honoribus
867 477 1042 550 altiorem.
1093 477 1190 550 Zelo

130 606 339 666 nxcoeeante
364 618 487 664 sensus
512 605 652 665 nostros
678 607 787 690 atque
815 593 852 665 in
878 593 1052 665 ditionem
1077 620 1186 667 suam

132 711 262 783 mentis
289 736 415 781 arcana
442 707 635 808 redigente,
656 709 727 782 Dei
755 710 864 781 timor
890 711 1080 809 spernitur,
1109 737 1186 783 ma-

132 827 317 925 gisterium
345 825 482 897 Christi
512 826 717 923 negligitur,
737 825 866 923 judicii
895 826 970 899 dies
998 854 1070 900 non
1101 854 1188 925 pro-

133 945 283 1018 videtur.
335 943 443 1015 lnflat
461 943 638 1042 superbia,
657 945 848 1016 exacerbat
866 944 1011 1028 saevitia,
1029 943 1214 1042 perfidias

132 1062 394 1161 praevaricatur,
424 1060 648 1159 impatientia
679 1061 851 1149 concutit,
876 1060 962 1133 furit
991 1059 1186 1149 discordia,

132 1180 184 1252 ira
200 1179 387 1262 fervescit;
415 1204 481 1250 nee
505 1177 635 1273 sejam
660 1192 777 1276 potest
797 1177 966 1249 cohibere
983 1177 1041 1250 vel
1059 1203 1186 1275 regere

133 1296 195 1395 qui
222 1296 337 1368 faetus
364 1309 419 1366 est
447 1293 634 1393 potestatis
660 1292 795 1366 alienae.
849 1293 950 1366 Hine
974 1292 1186 1367 Dominicae

133 1413 232 1514 pacis
245 1412 430 1484 vinculum
447 1411 636 1508 rumpitur,
651 1410 735 1482 binc
754 1409 880 1483 caritas
898 1408 1053 1482 fraterna
1072 1409 1186 1482 viola-

134 1545 204 1620 tur,
216 1530 303 1602 lrinc
317 1529 536 1602 adulteratur
554 1527 694 1612 veritas,
708 1527 826 1600 unitas
845 1527 1031 1617 scinditur,
1045 1526 1090 1600 ad
1110 1528 1187 1599 hae-
1200 1555 1236 1593 10

133 1674 227 1721 reses
246 1658 353 1744 atque
372 1644 414 1717 ad
434 1645 630 1718 schismata
648 1645 840 1742 prosilitur,
857 1644 944 1717 dum
962 1647 1187 1718 obtrectatur

135 1762 392 1849 sacerdotibus,
410 1760 496 1832 dum
517 1761 695 1859 episeopis
713 1761 902 1849 invidetur,
916 1760 1002 1833 dum
1022 1760 1103 1857 quis
1121 1777 1186 1834 aut

135 1878 297 1977 queritur
326 1905 400 1950 non
429 1905 466 1949 sc
493 1877 612 1976 potius
639 1878 855 1967 ordinatum,
881 1890 943 1950 aut
968 1876 1188 1976 dedignatur

137 1996 288 2068 alterum
316 1996 407 2068 ferre
433 1994 678 2094 praepositum.
734 1995 835 2068 Hine
861 1995 1073 2084 recalcitrat,
1099 1995 1188 2069 hine

136 2114 285 2186 rebellat
303 2112 348 2185 de
368 2113 444 2184 zelo
462 2113 648 2211 superbus,
666 2111 711 2184 de
734 2112 964 2185 aemulatione
986 2138 1188 2210 perversuS,
1202 2139 1233 2204 15

137 2229 366 2304 animositate
384 2243 420 2302 et
446 2227 556 2300 livore
579 2255 650 2300 non
674 2227 844 2318 bominis,
863 2227 923 2300 sed
943 2227 1101 2318 honoris,
1119 2228 1190 2301 ini-

138 2348 263 2420 micus.

108 2474 122 2541 ,1'
187 2464 253 2537 IV.
281 2463 407 2544 Qualis
425 2489 509 2535 vero
531 2476 586 2535 est
609 2461 741 2533 animae
768 2461 875 2550 tinea,
893 2489 974 2559 quae
997 2462 1189 2560 cogitatio-

137 2607 225 2654 num
250 2582 361 2670 tabes,
379 2579 533 2679 pectoris
558 2592 693 2675 quanta
717 2579 856 2677 rubigo,
874 2580 989 2651 zelare
1012 2579 1048 2651 in
1074 2579 1188 2651 altero

101 2698 109 2757 {²
137 2699 194 2771 vel
214 2697 382 2771 virtutem
402 2697 479 2793 ejus
497 2697 553 2768 vel
574 2696 797 2784 felicitatem,
815 2696 850 2768 id
870 2709 934 2781 est,
952 2695 1068 2768 odisse
1086 2696 1125 2768 in
1144 2723 1188 2769 eo
1201 2726 1237 2764 20

138 2817 192 2888 vel
220 2814 347 2887 merita
373 2814 518 2913 propria
540 2813 596 2885 vel
622 2813 798 2886 beneficia
818 2813 957 2903 divina,
983 2813 1020 2884 in
1049 2813 1187 2886 malum

138 2930 324 3031 proprium
344 2931 438 3001 bona
456 2929 573 3001 aliena
589 2942 806 3019 convertere,
825 2930 1015 3003 illustrium
1038 2956 1190 3029 prospe-

108 3038 244 3129 'ritate
272 3047 443 3144 torqueri,
470 3048 621 3119 aliorum
654 3048 806 3146 gloriam
836 3048 952 3121 facere
979 3074 1079 3121 suam
1106 3074 1190 3147 poe-

112 3144 118 3195 t
139 3194 238 3253 nam,
256 3178 292 3238 et
310 3165 409 3237 velut
427 3162 603 3262 quosdam
627 3165 763 3263 pectori
783 3192 847 3236 suo
866 3165 1055 3237 admovere
1074 3166 1191 3238 earni-

140 3282 238 3367 fices,
256 3278 533 3377 cogitationibus
551 3290 587 3349 et
605 3278 766 3360 sensibus
790 3279 862 3350 suis
886 3279 1056 3352 adbibere
1076 3292 1188 3352 torto·
1202 3308 1239 3367 25

140 3423 207 3485 res,
224 3396 286 3492 qui
312 3421 349 3465 se
371 3394 552 3467 intestinis
570 3394 786 3467 eruciatibus
806 3394 972 3485 lacerent,
990 3395 1052 3492 qui
1071 3394 1188 3467 cordis

142 3523 276 3581 secreta
306 3511 559 3585 malivolentiae
589 3512 734 3610 ungulis
761 3513 917 3611 pulsent.
968 3513 1054 3585 Non
1085 3513 1189 3586 cibus

141 3626 273 3698 talibus
291 3626 405 3714 laetus,
424 3654 495 3698 non
513 3642 620 3726 potus
639 3641 759 3727 potest
776 3657 852 3702 esse
864 3629 1059 3727 jucundus
1103 3631 1190 3703 Sus-

142 3743 278 3841 piratur
295 3767 434 3839 semper
451 3755 486 3815 et
511 3743 761 3842 ingemiscitur
777 3761 813 3820 et
836 3746 999 3830 dolatum
1027 3746 1190 3845 dumque

143 3862 189 3934 ab
204 3857 334 3930 invidis
359 3885 543 3956 nunquam
569 3860 660 3933 livor
680 3863 884 3961 exponitur,
901 3863 1028 3935 diebus
1047 3891 1089 3937 ac
1106 3890 1242 3949 noe-30

142 3976 239 4048 tibus
265 3988 392 4074 peetus
419 3978 606 4049 obsessum
629 3977 705 4050 sine
731 3979 997 4052 intermissione
1024 3980 1190 4054 laniatur.

144 4091 245 4164 Mala
264 4106 391 4164 caetera
410 4091 545 4164 habent
563 4094 780 4178 terminum3
808 4107 844 4167 et
866 4095 1110 4195 quodeunque
1128 4096 1192 4169 de-

144 4208 329 4307 linquitur,
347 4206 468 4280 delicti
495 4209 806 4283 consummatione
833 4211 966 4285 finitur.
1018 4211 1063 4284 ln
1090 4212 1190 4286 adul·
