2678 4830
375 336 571 402 CONTRA
593 336 820 400 HAERESIN
843 337 1005 401 NOETI.
1173 332 1215 406 73

168 509 225 586 καὶ
249 509 413 608 ἀγωνιῶν
441 511 547 611 ἱδροῖ,
574 510 633 587 καὶ
656 509 713 587 ὑπ’
739 509 896 610 άγγέλου
919 511 1214 609 ε’νδυναμοῦταιὸ

168 635 370 732 ἐνδυναμῶν
394 632 477 719 τοὺς
500 640 549 718 εἰς
573 631 681 714 αὐτὸν
704 633 953 733 πιστεύοντας,
979 639 1037 715 καὶ
1059 637 1215 718 θανάτου

168 767 403 867 καταφρονεῖν
427 761 522 868 έργιρ
546 760 708 867 διδάξας,
737 764 796 841 καὶ
821 759 890 842 ὑπὸ
915 761 1034 842 Ἰούδα
1056 766 1212 868 παραδί-

168 891 267 966 δοται
285 889 307 966 ὁ
324 887 515 990 γινώσκων
538 884 602 968 τὸν
623 888 763 968 Ἰούδαν
787 890 841 973 τίς
863 888 975 968 ε’στιν.
1007 893 1066 969 καὶ
1083 890 1213 990 ἀτιμά-

141 1012 260 1115 5ζεται
290 1011 360 1094 {mi
389 1011 554 1121 Καιάφα,
587 1017 608 1094 ὁ
636 1011 810 1119 πρότερον
842 1017 899 1095 ὑπ’
923 1017 1032 1096 αι’σοῦ
1056 1021 1213 1120 ἱερατευ-

168 1138 292 1241 ύμενος
320 1146 390 1239 (for.
411 1140 673 1244 ἱερατευομένου
701 1141 911 1246 τιμώμενος)
940 1147 988 1227 ὡς
1016 1141 1121 1228 Θεός.
1158 1147 1217 1224 καὶ

168 1267 236 1349 ύπδ
264 1268 432 1372 Ἡριύδου
459 1266 692 1373 ἐξουθενεῖται
721 1269 742 1347 ὁ
771 1270 919 1367 μέλλων
947 1271 1062 1373 κρίναι
1090 1279 1216 1352 πᾶσαν

167 1391 232 1492 τὴν
255 1397 341 1495 γῆν,
363 1394 422 1471 καὶ
448 1390 657 1492 μαστίζεται
681 1389 751 1471 {nri
777 1390 942 1472 Πιλάτου
967 1397 987 1473 ὁ
1011 1393 1076 1479 τὰς
1100 1398 1213 1475 ἀσθε-

90 1597 95 1604 .
168 1521 261 1604 νείας
278 1520 381 1619 ἡμῶν
398 1515 670 1623 ἀναδεξάμενος.
702 1520 761 1597 καὶ
784 1515 852 1598 ὑπὸ
874 1527 1105 1623 στρατιοντῶν
1126 1523 1214 1600 παί-

124 1645 261 1748 ιοζεται
289 1643 319 1753 ᾧ
354 1642 625 1750 παρεστήκουσι
662 1647 776 1750 χίλιαι
806 1644 965 1749 χιλιάδες
1001 1650 1059 1725 καὶ
1094 1650 1216 1751 μυρίαι

168 1770 333 1878 μυριάδες
362 1772 529 1875 ἀγγέλων
558 1774 617 1852 καὶ
645 1773 894 1877 ἀρχαγγέλου.
935 1776 994 1852 καὶ
1021 1771 1090 1854 ύιτδ
1119 1776 1213 1854 Ἰου-

168 1903 276 1981 δαίων
294 1900 396 2008 ξύλῳ
413 1898 705 2004 προοτιήγνυιαι,
727 1903 747 1980 ὁ
765 1899 884 2006 πήξας
902 1903 950 1985 ὡς
968 1898 1132 2004 καμάραν
1152 1901 1216 1984 τὸν

168 2026 330 2132 οὐρανόν.
379 2031 438 2108 καὶ
472 2025 564 2132 πρὸς
601 2026 748 2130 Πατέρα
783 2034 881 2121 βοῶν
911 2029 1143 2132 παρατίθεται
1173 2027 1216 2108 τὸ

167 2165 308 2256 πνεῦμα
329 2157 350 2236 ὁ
373 2155 575 2260 ἀχάριστος
595 2162 659 2234 τοῦ
681 2151 838 2258 Πατρός.
871 2158 930 2234 καὶ
949 2157 1080 2235 κλίνων
1098 2160 1213 2262 κεφα-

124 2317 158 2378 15
169 2281 238 2382 λὴν
256 2285 390 2379 ε’κπνεῖ,
406 2282 427 2359 ὁ
445 2279 560 2378 εἴπας,
581 2280 778 2387 Ἐξουσίαν
796 2280 866 2384 ἔχω
884 2285 983 2360 θεῖνα
1001 2280 1078 2380 ιτὴν
1091 2279 1217 2386 ψυχήν

169 2441 252 2506 μου,
273 2409 332 2486 καὶ
350 2405 519 2511 ἐξουσίαν
536 2406 607 2510 ἔχω
624 2405 737 2486 πάλιν
755 2413 887 2500 λαβεῖν,
900 2405 1023 2504 αι’νιήν.
1067 2402 1156 2484 Ὅτι
1177 2402 1217 2483 δὲ

169 2535 231 2614 mitt
253 2531 446 2637 ε’κυριεύετο
472 2530 541 2612 ὑπὸ
565 2530 735 2630 θανᾶτου,
766 2536 814 2617 ὦς
838 2535 908 2633 (for.
929 2531 982 2630 ὃς,
1003 2561 1037 2607 ut
1053 2538 1214 2638 interpres)

170 2777 312 2836 mundum
331 2777 531 2835 advenerat&
554 2795 622 2834 cum
641 2777 672 2833 in
714 2774 874 2853 suscepiti:
901 2788 931 2835 et
952 2796 970 2834 α
989 2777 1130 2835 militibus
1151 2777 1217 2835 illu-

170 2859 317 2916 anxietate
336 2854 456 2924 sudatb,
472 2869 503 2916 et
517 2858 554 2916 ab
568 2858 672 2936 angelo
713 2855 816 2914 diturk
843 2859 878 2925 is,
907 2859 955 2916 eui
982 2858 1099 2915 adstant
1125 2859 1218 2917 millia

169 2939 331 3005 roborum,
346 2939 398 3014 qui
417 2958 467 2997 eos
485 2939 536 3014 qui
555 2939 586 2995 in
605 2957 672 2996 eum
713 2939 837 2996 millium
845 2937 864 3005 ¹,
896 2950 927 2998 et
961 2939 1058 2997 decies
1091 2951 1217 2997 centena

171 3019 302 3086 credunt,
316 3020 452 3086 roborat;
475 3030 505 3077 et
519 3039 608 3096 opere
622 3020 674 3077 do·
714 3020 805 3076 millia
820 3020 991 3098 angelorum
1008 3032 1039 3078 et
1056 3021 1215 3099 archange-

170 3100 230 3158 euit
242 3111 369 3158 mortem
383 3111 586 3158 contemnere:
606 3120 673 3158 cum
713 3100 826 3157 lorum:
849 3112 880 3157 et
894 3120 912 3156 α
923 3101 1032 3157 Judaeis
1045 3101 1076 3156 in
1090 3101 1170 3177 ligno
1184 3102 1218 3159 fi-

171 3180 273 3238 aJuda
283 3181 444 3257 proditure,
453 3181 504 3256 qui
518 3200 674 3259 cognosce·
714 3181 793 3258 gitur
800 3191 834 3246 m,
850 3180 900 3254 qui
916 3191 1057 3255 tanquam
1071 3198 1217 3237 cameram

171 3261 221 3318 bat
240 3261 350 3319 sudam
371 3263 436 3337 quis
460 3259 577 3328 essetd;
603 3274 633 3319 et
657 3281 675 3318 a
715 3261 821 3318 coelum
843 3261 947 3317 fixitn:
977 3271 1008 3317 et
1030 3260 1159 3316 clamans
1179 3260 1217 3317 ad

173 3341 285 3418 Caipha
300 3343 493 3400 inhonoratur
501 3352 524 3408 θ,
540 3343 591 3417 qui
612 3353 675 3399 erat
714 3343 830 3398 Patrem
847 3341 981 3416 spiritum
1000 3339 1216 3407 commendat⁰‚

172 3423 254 3481 abeo
265 3423 428 3481 sacerdotio
441 3423 592 3500 fungente,
602 3442 673 3499 pau·
689 3446 694 3455 ’
715 3423 766 3498 qui
780 3432 825 3479 est
839 3441 857 3478 a
869 3422 954 3478 Patre
973 3420 1173 3497 inseparabilis
1182 3431 1216 3479 1²:

170 3503 199 3560 lo
213 3514 284 3560 ante
297 3513 439 3579 tanquam
454 3504 534 3561 Deus
547 3504 673 3560 honora·
715 3515 745 3560 et
768 3502 910 3559 inclinato
935 3501 1031 3577 capite
1056 3501 1182 3578 exspirat
1190 3512 1216 3571 (ι,

171 3594 235 3641 tus:
267 3602 335 3641 eum
360 3585 397 3641 ab
421 3584 540 3642 Herode
565 3583 674 3659 sperni·
714 3584 765 3658 qui
779 3583 867 3648 dixit;
882 3583 1049 3640 Potestatmn
1066 3583 1149 3640 λοδιο
1163 3602 1217 3658 ρο·

171 3675 219 3721 tur
226 3661 248 3731 f,
264 3665 315 3739 qui
332 3675 426 3722 totam
441 3675 549 3722 tertam
559 3664 672 3741 judica·
713 3665 793 3721 nendi
810 3665 926 3721 animam
944 3683 1038 3731 meam,
1053 3673 1081 3721 et
1094 3673 1216 3739 potesta-

171 3755 253 3803 turus
267 3756 312 3802 est
320 3755 346 3812 ε,
363 3756 393 3803 et
406 3746 576 3804 verberatur
592 3765 610 3802 a
627 3745 674 3801 Pi-
715 3754 768 3802 tem
782 3745 864 3803 Ιιαδιο
877 3747 976 3802 iterum
992 3746 1113 3802 sumendi
1127 3764 1185 3802 eam
1194 3755 1216 3802 Γ.

170 3823 250 3884 latoh
263 3826 289 3882 is
303 3826 354 3902 qui
366 3826 551 3884 infirmitates
560 3838 675 3883 nostras
715 3826 803 3895 Quod
821 3839 920 3884 autem
937 3846 998 3884 ιιοιι
1015 3826 1220 3884 dominabatur

204 4029 219 4059 ⁸
235 4019 294 4068 Joh.
306 4019 348 4067 xii.
363 4029 402 4082 ιγ.
419 4019 487 4067 xviii.
503 4032 539 4066 ιι.
647 4021 661 4057 b
680 4017 740 4066 Ιιιιο.
752 4018 811 4066 xxii.
824 4032 864 4078 ια
972 4031 985 4059 e
1003 4019 1087 4068 Matth
1097 4018 1163 4066 xxvi.
1179 4029 1216 4080 15·

169 4085 187 4128 α
205 4083 242 4131 Id.
254 4099 316 4133 vem.
328 4096 366 4146 ²5·
434 4094 447 4122 e
465 4084 502 4131 Id.
516 4082 555 4144 65.
567 4099 614 4145 seq.
690 4084 702 4122 f
719 4083 778 4131 Luc.
790 4084 858 4131 xxiii.
871 4099 908 4132 ιι.
979 4095 994 4134 α
1011 4085 1094 4132 Actor.
1105 4081 1164 4129 xvii.
1176 4095 1216 4142 3¹·

171 4147 188 4186 h
205 4147 385 4197 Matth.'xxvii.
400 4148 438 4197 ιο.
456 4148 514 4197 Joh.
527 4148 577 4195 xix.
593 4162 613 4195 1.
696 4148 705 4188 i
722 4149 787 4197 Ειιιί.
799 4148 842 4196 liii.
854 4161 878 4207 μ
961 4150 976 4187 k
995 4148 1086 4197 Matth.
1098 4146 1164 4193 xxvi.
1177 4146 1216 4208 67.

172 4213 181 4252 1
193 4212 290 4263 Daniel.
302 4214 344 4261 vii.
359 4229 396 4263 ιο.
447 4224 470 4253 m
483 4213 575 4261 Matth.
584 4213 659 4260 xxvii.
669 4224 708 4276 35.
759 4225 775 4252 n
787 4213 852 4261 Esai.
864 4213 897 4260 xi.
909 4227 947 4261 22.
997 4225 1012 4253 o
1024 4213 1084 4261 Ιιιιο.
1096 4211 1164 4259 xxiii.
1176 4211 1216 4271 46.

172 4287 187 4324 ι)
205 4278 263 4326 Joh.
275 4279 326 4328 xiv.
342 4293 378 4326 ιι.
446 4290 460 4327 ο
479 4279 541 4328 Ibit„
553 4279 602 4327 xix.
615 4293 655 4340 30.
722 4288 733 4318 r
752 4278 813 4326 Ibid.
825 4295 849 4326 x.
865 4278 901 4325 18.
