2678 4830
639 519 684 576 IN

424 697 472 796 S.
506 694 896 798 CYPRIANI

595 943 727 985 LIBRUM

287 1113 363 1184 DE
395 1113 708 1186 IDOLORUM
739 1113 1035 1186 VANITATu

411 1311 917 1394 ANNOTATIONES.

518 1555 812 1598 *—

186 1752 223 1814 P.
239 1764 311 1835 257.
327 1748 349 1814 l.
363 1768 391 1815 a.
417 1751 531 1815 Lmen
555 1772 599 1814 nn
624 1751 807 1814 Inotonmu
830 1753 1029 1836 Vnmrnrn]
1056 1749 1191 1815 Difficile

142 1850 190 1900 est
208 1852 292 1901 certo
313 1848 449 1901 statuere
468 1837 547 1923 quid
565 1837 598 1900 in
620 1836 712 1900 titulo
729 1837 819 1901 istius
832 1837 904 1902 libri
916 1837 1056 1924 posuerit
1072 1838 1190 1937 Cypri·

143 1945 233 1998 anus,
256 1923 281 1986 si
304 1922 382 2009 quid
407 1938 510 1987 tamen
534 1923 650 2010 posuit,
673 1924 846 2009 praesertim
873 1924 897 1988 si
922 1948 997 2007 nera
1022 1924 1062 1988 sit
1085 1925 1192 2012 opinio

144 2010 269 2073 Erasmi
292 2010 497 2074 existimantis
518 2031 583 2073 esse
602 2022 724 2073 tantum
743 2010 955 2097 fragmentum
975 2009 1101 2096 majoris
1115 2035 1191 2098 ope·

144 2096 197 2175 riS,
214 2095 291 2183 quia
304 2096 413 2183 incipit
433 2120 472 2159 ex
492 2096 638 2182 abrupto.
679 2094 791 2159 Plures
806 2119 879 2160 sane
893 2095 965 2160 libri
979 2111 1108 2175 veteres,
1125 2111 1157 2161 et
1169 2096 1192 2160 ii

169 2182 274 2246 uidem
299 2181 421 2268 optimi,
443 2181 566 2244 initium
589 2181 691 2266 operis
713 2182 909 2246 constituunt
934 2183 967 2246 in
993 2183 1042 2246 his
1066 2183 1190 2255 verbis;

180 2291 230 2333 eos
252 2289 316 2332 non
338 2289 403 2332 esse
424 2289 500 2366 qqos
521 2267 594 2331 colit
616 2267 745 2353 vomas.
790 2267 887 2354 Apud
906 2269 1061 2356 Angelum
1085 2269 1195 2333 Politi-

146 2377 241 2418 anum
261 2376 330 2440 cap.
345 2373 398 2438 34.
421 2352 687 2417 miscellaneorum
708 2368 838 2418 vocatur
859 2354 938 2418 liber
960 2355 1000 2418 de
1021 2355 1141 2504 oripme
1162 2370 1194 2421 et

144 2439 312 2526 generibus
327 2438 494 2503 idolorum.
522 2441 724 2504 Posterorum
740 2439 902 2527 diligentia
917 2441 1044 2506 titulum
1059 2441 1070 2504 i
1083 2441 1104 2504 li
1118 2442 1194 2508 fecit

146 2548 191 2590 nu
208 2547 384 2591 suetonum
400 2547 594 2604 vnnrrnrn,
610 2540 643 2589 at
666 2548 706 2589 ue
719 2526 763 2590 ita
778 2549 809 2590 se
823 2527 976 2591 invenisse
990 2530 1021 2590 in
1037 2528 1194 2616 exempla

145 2612 233 2677 ribus
259 2611 396 2697 antiquis
418 2625 551 2676 testatur
574 2549 742 2711 Rigiltius.
787 2615 871 2701 Ego,
893 2637 1086 2700 quamquam
1108 2615 1193 2680 hunc

146 2699 274 2764 titulum
285 2699 428 2785 nuspiam
440 2697 608 2785 repererim
622 2721 655 2762 m
665 2698 823 2764 codicibus
838 2701 1067 2788 manuscriptis,
1078 2702 1193 2766 retinui

146 2801 251 2851 tamen
272 2800 402 2871 propter
423 2785 674 2850 commoditatem
697 2785 901 2871 studiorum.¹
931 2789 972 2852 In
995 2787 1117 2852 edendo
1138 2811 1194 2852 au-

146 2887 209 2937 tem
231 2871 320 2934 initio
341 2871 440 2958 ipsius
461 2871 533 2936 libri
552 2887 678 2936 secutus
697 2895 766 2936 sum
788 2873 973 2960 scripturam
992 2889 1134 2938 veterum
1155 2875 1193 2938 li-

145 2960 275 3023 brorum
290 2970 322 3022 et
336 2971 478 3022 veterum
493 2959 678 3024 editionum.
708 2961 908 3060 Quamquam
924 2974 997 3025 sunt
1011 2960 1108 3048 aliqui
1123 2961 1194 3026 libri

147 3059 266 3109 veteres
280 3044 336 3130 qui
350 3045 505 3132 incipiunt
518 3047 603 3111 Deos
618 3069 682 3111 noa
697 3067 772 3125 esse,
788 3070 893 3134 pnora
907 3070 970 3111 non
985 3047 1112 3113 habent.

192 3132 299 3195 Pauca
317 3131 415 3217 hujus
433 3130 505 3196 libri
526 3133 643 3197 mentio
664 3132 819 3220 reperitur
837 3133 869 3196 in
893 3133 1095 3220 scriptoribus
1116 3134 1196 3197 anti-

148 3216 230 3303 quis,
254 3216 373 3304 quippe
398 3241 493 3305 quem
518 3219 662 3317 nuspiam
687 3219 808 3304 reperio
832 3219 963 3283 citatum
986 3242 1082 3305 quam
1108 3219 1196 3307 apud

149 3305 382 3391 Hieronymum
399 3319 430 3368 et
444 3307 674 3390 Augustinum.
720 3306 766 3369 Et
781 3305 984 3392 Augustinus
1003 3305 1132 3392 quidem
1152 3305 1197 3371 ita

149 3389 256 3454 scribit
281 3391 312 3453 in
340 3389 420 3454 libro
445 3391 485 3454 de
511 3391 616 3455 Unico
640 3390 803 3476 Baptismo
828 3390 979 3455 adversus
1005 3391 1196 3457 Petilianum

148 3500 217 3564 cap.
229 3497 262 3558 4.
281 3478 396 3563 Hujus
414 3478 537 3564 regule
558 3478 734 3564 apostolice
751 3486 885 3542 sectator
902 3480 1064 3566 episcopus
1081 3481 1198 3568 Cypri·

149 3585 232 3626 anus
254 3564 292 3626 de
310 3586 375 3627 ono
397 3585 470 3628 vero
491 3564 561 3627 Deo
581 3563 735 3627 adversus
759 3564 928 3628 maltorum
952 3565 1081 3630 deorum
1089 3568 1198 3653 falso-

150 3671 281 3736 rumque
291 3651 425 3713 cultores
436 3649 604 3735 disputaris
617 3651 717 3714 multo
724 3651 854 3737 prrffert
867 3653 1045 3716 testimonia
1055 3654 1093 3716 de
1106 3655 1199 3718 libris

151 3754 258 3797 eorum
272 3757 348 3821 quos
356 3736 531 3823 preclaros
546 3745 688 3800 auctores
702 3736 831 3808 tabena-
847 3737 903 3801 hoc
917 3747 974 3816 est,
986 3761 1026 3802 er
1039 3740 1096 3802 illo
1111 3741 1196 3803 veri·

152 3828 216 3883 tate
236 3842 332 3917 quom
354 3824 390 3885 iri
412 3823 580 3908 iniquitate
600 3823 747 3887 detinent.
790 3822 877 3887 Citat
898 3823 991 3888 etiam
1011 3824 1066 3888 lib.
1082 3826 1142 3888 VI.
1158 3825 1198 3888 de

154 3907 317 3992 Baptismo
338 3907 489 3971 adversus
511 3907 691 3972 Donatistas
705 3931 775 3995 cap.
786 3927 839 3990 44.
856 3908 1073 3996 Hieronymus
1091 3924 1198 3974 autem

152 3990 184 4054 in
201 3991 332 4073 epistola
346 3993 385 4057 ad
403 3996 572 4080 Magnum,
584 4016 704 4080 ponens
718 3994 750 4057 in
765 3994 919 4082 principio
934 3995 1083 4060 sermonis
1097 4011 1198 4060 mate·

152 4076 231 4140 riam
253 4076 343 4141 istius
364 4079 447 4155 libri,
465 4094 614 4166 tanquam
636 4080 661 4144 si
684 4079 795 4144 titulus
817 4094 907 4160 esset,
923 4081 965 4146 sic
987 4081 1110 4146 scribit:
1137 4084 1200 4169 Cy-

148 4165 290 4250 prianus
303 4165 386 4250 quod
402 4167 487 4230 ’uiola
501 4167 549 4230 dii
562 4187 626 4229 noa
639 4168 706 4231 rint
718 4188 782 4254 qun
796 4169 959 4247 brevitate,
975 4191 1038 4256 qua
1052 4168 1200 4232 historia-

152 4271 226 4314 rum
241 4252 382 4314 omnium
395 4254 537 4332 aruntio,
553 4274 685 4339 quorum
700 4255 866 4319 verborum
885 4265 915 4320 rt
932 4276 1082 4322 senserunt
1095 4255 1200 4342 splen-
