2678 4830
119 349 184 413 242
454 347 834 413 ANNOTATIONES

166 519 205 582 P.
221 534 293 584 221.
308 518 328 582 l.
339 538 371 601 4.
396 519 448 583 Au
469 520 684 584 Curnrauuu
708 517 926 602 Er1srotan]
944 519 1039 583 Hanc
1054 519 1174 618 episto-

122 604 197 682 lam,
211 627 306 690 quam
345 605 443 670 rimus
456 604 588 693 protulit
603 603 782 684 Morellius,
796 604 956 670 habebant
969 604 1101 670 etiamri
1142 605 1175 671 ui

123 691 237 755 Romae
251 628 447 777 praeliterunt
468 690 597 756 editioni
611 714 742 778 operum
764 691 869 756 Sancti
885 690 1036 789 Cypriani
1054 691 1086 756 in
1105 630 1175 757 ‹ibi-

122 775 193 842 cina
214 777 306 842 Pauli
324 777 474 843 Manutii.
521 776 573 841 Illi
595 794 712 855 autem,
728 791 765 842 ut
786 777 830 842 ait
853 779 988 842 Latmus
1010 777 1173 856 Latinius,

123 885 186 928 non
201 864 414 950 probaverunt
424 864 472 928 uti
482 887 500 926 e
511 863 646 928 tenebris
658 863 865 951 proferretur;
882 863 1042 951 hujusque
1052 863 1174 929 consilii

122 965 282 1015 auctorem
302 974 334 1015 se
353 965 385 1015 et
403 973 560 1015 suasorem
581 950 677 1014 fuisse
698 950 765 1037 ipse
783 963 917 1016 testatur
934 949 1081 1038 ingenue,
1096 973 1173 1015 cum

122 1038 278 1124 majorum
293 1059 380 1101 exem
405 1035 437 1100 la
450 1052 603 1113 secutum,
619 1049 687 1100 tum
703 1036 848 1116 hominis,
863 1036 897 1100 id
911 1051 969 1116 est,
985 1035 1172 1116 Firmiliani‚

122 1123 214 1209 cujus
233 1146 269 1187 ea
290 1060 421 1222 epistola
434 1136 491 1200 est,
506 1122 711 1209 petulantiam
731 1123 932 1189 detestatum.
977 1124 1091 1188 Postea
1105 1125 1172 1187 Pa-

123 1209 245 1287 melius,
265 1233 322 1309 qu1
343 1209 427 1274 illam
447 1222 604 1296 repererat
625 1209 657 1273 in
680 1233 733 1273 sex
756 1209 893 1297 antiquis
914 1208 1085 1287 codicibus,
1101 1232 1173 1274 eam

122 1296 257 1375 recudit,
273 1319 407 1360 innuens
425 1310 540 1375 tamen,
578 1319 620 1360 uo
642 1312 709 1359 erat
727 1295 759 1359 in
779 1295 1005 1382 rempublicam
1021 1295 1174 1360 Christia-

123 1405 196 1448 nam
222 1397 254 1447 et
279 1381 513 1448 ecclesiasticam
538 1319 664 1459 adectu,
691 1406 722 1445 se
746 1381 831 1446 illam
853 1382 1039 1446 omissurum
1062 1380 1172 1461 fuisse,

123 1469 210 1556 quod
225 1469 321 1556 paulo
330 1468 545 1534 vehementius
556 1482 588 1532 et
601 1469 743 1532 acerbius
756 1491 852 1554 quam
867 1468 1047 1555 episcopum
1062 1468 1173 1533 deceat

124 1555 239 1642 scripta
258 1556 308 1633 sit,
323 1555 382 1619 nisi
399 1557 466 1654 jam
488 1579 508 1618 a
530 1554 677 1619 Morellio
697 1554 807 1618 fuisset
823 1554 918 1619 edita.
965 1553 1087 1619 Scilicet
1102 1555 1172 1619 Ro-

123 1664 232 1706 manos
246 1654 278 1704 et
293 1640 468 1706 Pamelrum
483 1654 720 1705 commoverunt
738 1640 817 1705 liber
836 1640 1011 1704 Firmiliani
1025 1640 1125 1727 stylus
1140 1655 1174 1706 et

122 1727 377 1792 excandescentia
397 1727 546 1790 adversus
567 1750 682 1815 papam
706 1726 901 1814 Stephanum
923 1727 1044 1790 diverse
1068 1727 1110 1790 ab
1134 1751 1174 1792 eo

124 1815 318 1878 sentientem.
363 1815 412 1878 At
434 1813 459 1877 si
481 1825 599 1877 attente
624 1813 869 1878 considerassent
890 1813 1000 1900 quanti
1022 1827 1054 1877 et
1074 1836 1174 1900 quam

124 1900 323 1963 vehementes
344 1899 463 1963 soleant
483 1921 549 1963 esse
567 1899 698 1964 affectus
716 1923 788 1963 cum
808 1901 913 1987 agitur
932 1900 972 1964 de
990 1923 1084 1964 causa
1103 1899 1175 1964 reli-

148 1985 225 2050 'onis
239 2001 271 2049 et
284 1984 370 2064 fidei,
386 1984 629 2050 considerassent
644 1987 736 2050 etiam
752 2009 848 2072 quam
863 1988 1029 2051 vehemens
1043 1999 1075 2049 et
1089 2009 1175 2051 acer-

149 2095 186 2136 us
207 2072 310 2137 fuerat
333 2072 512 2160 Stephanus
534 2072 670 2137 scribens
691 2073 841 2137 adversus
867 2073 1075 2160 Cyprianum‚
1101 2095 1172 2160 pro-

124 2158 208 2223 fecto
221 2158 303 2222 hanc
317 2158 605 2224 excandescentiam
619 2159 846 2224 condonassent
861 2159 1055 2239 Firmiliano,
1069 2182 1174 2246 neque

124 2259 292 2344 propterea
313 2245 448 2311 tenebris
469 2246 683 2310 damnandum
705 2269 771 2311 esse
792 2260 955 2333 putassent
973 2245 1094 2310 illustre
1113 2247 1175 2310 hoc

124 2331 320 2418 antiquitatis
341 2331 553 2397 ecclesiasticae
574 2346 825 2411 monumentum,
850 2333 883 2397 in
908 2356 973 2420 quo
998 2355 1071 2397 sane
1092 2332 1175 2397 bene

125 2417 227 2482 multa
249 2432 324 2483 sunt
345 2418 451 2506 magni
473 2419 622 2484 momenti
644 2419 761 2506 quibus
783 2418 876 2484 hodie
900 2441 1075 2484 careremus
1099 2441 1173 2482 cum

124 2504 237 2592 grandi
256 2527 363 2569 rerum
383 2518 562 2571 nostrarum
583 2505 758 2593 dispendio,
774 2522 812 2570 ut
824 2505 858 2569 in
876 2505 968 2570 simili
986 2518 1174 2592 argumento

125 2590 246 2656 censuit
262 2592 447 2656 Sirmondus
461 2593 557 2658 edens
569 2592 602 2656 in
617 2592 719 2657 lucem
734 2591 873 2656 libellum
889 2616 1017 2680 precum
1035 2591 1172 2656 Marcel-

124 2676 236 2742 liniet
262 2678 407 2743 Faustini
432 2679 582 2744 adversus
603 2702 719 2765 papam
745 2679 930 2745 Damasum.
981 2680 1094 2766 Neque
1119 2678 1175 2743 illa

126 2764 344 2828 Romanorum
356 2777 412 2828 aut
427 2765 558 2829 Pamelii
573 2788 649 2829 cura
662 2764 873 2851 impedivisset
886 2765 919 2829 in
933 2765 993 2829 hac
1006 2765 1075 2829 luce
1086 2763 1173 2829 litte-

125 2872 231 2913 rarum
247 2850 325 2935 quin
339 2849 470 2938 epistola
487 2850 541 2915 illa
560 2851 700 2937 prodiret
719 2851 752 2914 in
773 2851 946 2936 publicum.
992 2855 1075 2917 Cum
1090 2851 1175 2915 enim

126 2952 246 2999 certum
263 2935 302 2998 sit
315 2935 399 3000 illam
415 2959 455 2999 ex
469 2936 567 3001 veteri
580 2936 660 3001 libro
675 2937 790 3002 editam
802 2938 898 3002 fuisse
912 2962 931 3002 a
945 2937 1104 3016 Morelli0,
1120 2961 1176 3002 ex-

127 3021 225 3086 titerit
240 3020 331 3085 etiam
348 3022 379 3085 in
396 3045 449 3085 sex
465 3022 624 3086 codicibus
645 3024 785 3088 Pamelio
798 3024 882 3105 visis,
896 3025 929 3088 in
950 3025 987 3088 iis
1005 3024 1039 3087 in
1058 3023 1176 3112 quibus

126 3107 254 3173 inventa
274 3121 321 3173 est
342 3132 362 3172 a
383 3107 521 3188 Latinio,
537 3109 570 3172 in
591 3122 709 3196 septem
728 3111 846 3197 quibus
864 3111 913 3174 usi
934 3124 1007 3175 sunt
1022 3110 1121 3196 Angli
1142 3111 1175 3174 in

127 3218 184 3260 sua
198 3194 344 3274 editione,
359 3195 392 3259 in
409 3196 515 3260 decem
534 3219 608 3261 cum
623 3197 739 3283 quibus
752 3221 811 3284 ego
824 3197 943 3262 contuli
958 3220 1054 3284 opera
1069 3198 1176 3261 Sancti

128 3282 291 3381 Cypriani,
305 3283 505 3348 manifestum
519 3297 566 3349 est
579 3283 663 3347 illam
683 3307 746 3348 non
764 3283 903 3371 potuisse
923 3308 1045 3370 semper
1066 3283 1173 3358 latere,

126 3369 246 3432 etiamsi
266 3370 433 3435 Morellius
452 3393 515 3435 non
534 3370 691 3435 edidisset.
726 3370 859 3434 Codices
876 3385 994 3449 autem,
1015 3392 1088 3434 cum
1106 3370 1177 3456 qui-

126 3453 188 3518 bus
206 3454 291 3518 illam
313 3457 443 3533 contuli,
463 3473 536 3522 sunt
555 3479 639 3520 unus
659 3456 875 3544 Remigianus,
899 3457 964 3521 duo
985 3456 1178 3554 Compendi-

127 3561 226 3618 enses,
239 3542 305 3605 duo
317 3542 478 3621 Victorini,
489 3565 571 3606 unus
592 3543 788 3623 Pithoeanus,
802 3566 885 3608 unus
904 3543 1082 3607 monasteris
1098 3545 1179 3607 Bec-

127 3625 237 3703 censis‚
254 3627 430 3706 Laetiensis,
446 3628 484 3691 Bi
509 3628 642 3708 otianus,
656 3642 688 3693 et
703 3653 785 3694 unus
803 3653 900 3695 meus.
938 3629 1104 3694 Assentior
1117 3651 1174 3692 au-

128 3723 192 3776 tem
208 3711 348 3777 Pamelio
362 3727 394 3777 et
413 3651 554 3811 Rigtdtio
572 3713 821 3780 existimantibus
840 3716 925 3780 illam
944 3717 1056 3780 Graece
1075 3715 1173 3802 scrip-

128 3811 192 3864 tam
208 3798 302 3862 fuisse
317 3822 336 3862 a
350 3799 544 3877 Firmihano,
558 3823 677 3864 versam
691 3816 795 3866 autem
812 3803 926 3867 Latine
940 3825 960 3866 a
976 3804 1090 3867 Sancto
1106 3804 1174 3887 Cy·

128 3884 247 3973 priano.
293 3885 438 3971 Epistola
456 3908 532 3984 ergo
553 3886 726 3951 Firmiliani
745 3889 873 3954 inventa
887 3888 979 3952 estin
994 3888 1106 3975 viginti
1121 3911 1176 3952 sex

129 3971 288 4037 codicibus
303 3971 457 4036 manuscri
482 3985 532 4037 trs.
562 3975 889 4040 Srnrn.BnLuz1us.
937 3975 1088 4040 Conferas
1102 3997 1177 4073 quae

130 4059 170 4123 de
188 4059 247 4123 hac
266 4058 397 4145 epistola
414 3996 497 4122 intio
515 4059 735 4124 adnotabimus
749 4061 790 4125 ad
804 4085 878 4148 pag.
891 4080 964 4147 233.
1011 4061 1176 4148 Scripsisse

130 4168 196 4210 eam
219 4144 439 4209 Firmilianum
457 4160 540 4210 anno
556 4166 574 4213 a
575 4149 617 4232 56
632 4147 864 4236 ingravescente
880 4160 1020 4234 tempore
1034 4148 1176 4228 hiberno,

129 4232 265 4296 ostendit
276 4231 630 4314 PearsoniusinArrnul.
639 4236 844 4322 Cyprianicis
852 4234 893 4298 ad
902 4257 975 4300 ann.
983 4236 1055 4320 256.
1065 4246 1175 4298 sect.x.

131 4317 218 4382 Obiit
231 4341 314 4383 anno
329 4333 404 4403 272.
438 4319 544 4384 Litem
558 4333 664 4386 autem
685 4321 880 4409 Stephanum
893 4320 976 4387 inter
989 4336 1021 4386 et
1035 4319 1177 4385 ecclesias
