2678 4830
147 323 211 390 170
480 318 859 384 ANNOTATIONES

191 492 275 554 Hinc
293 489 512 561 Muratorius3
533 488 584 552 cui
602 488 730 574 quidem
743 487 810 552 viro
824 486 1033 552 eruditissimo
1048 487 1193 568 debetur,

149 577 194 641 uti
212 576 277 663 ipse
294 576 450 663 exposuit,
465 575 585 660 insigne
603 574 698 660 hujus
717 573 820 638 libelli
831 572 1091 652 additamentum,
1106 577 1195 662 quod

147 663 247 728 eidem
266 661 412 749 adjunxit
430 661 464 725 in
479 661 655 734 Anecdotir,
671 683 743 747 quse
761 658 937 724 Mediolani
953 658 1043 726 annis
1064 663 1145 746 1697
1163 677 1195 726 et

151 750 232 832 1698
248 747 444 834 prodierunt,
460 770 499 810 ea
514 745 734 810 Ambrosianae
750 744 948 810 bibliothecae
964 744 1124 810 codicibus
1138 748 1194 811 de-

149 847 285 920 sumpta.
326 834 367 896 In
383 831 567 918 Gagneiana
581 845 685 896 autem
700 854 833 918 operum
847 830 1032 895 Tertulliani
1046 831 1194 910 editione,

147 942 167 983 a
182 919 361 983 Muratorio
375 940 472 1005 supra
485 931 735 994 commemorata,
750 940 863 982 novem
879 930 1029 981 tractatus
1042 916 1080 980 iis
1095 918 1195 982 additi

149 1018 223 1070 sunt
236 1003 358 1082 libellis,
370 1027 451 1090 quos
464 1005 583 1068 Beatus
598 1004 778 1082 Rhenanus,
790 1002 910 1089 primus
925 1001 1113 1067 Tertulliani
1128 1003 1194 1068 edi-
1289 1055 1291 1059 ,

148 1106 209 1169 111,
224 1089 355 1155 Basileae
369 1112 451 1153 anno
468 1105 547 1174 1511
566 1089 650 1176 typis
664 1089 877 1153 mandaverat.
919 1088 1012 1153 Unus
1026 1112 1066 1152 ex
1080 1089 1196 1154 additis

150 1176 333 1241 tractatibus
342 1175 420 1239 liber
433 1176 491 1239 iste
505 1176 543 1238 de
556 1177 706 1240 Oratione
720 1175 791 1240 fuit.
807 1174 1000 1260 Sigismundi
1015 1198 1088 1238 vero
1103 1176 1197 1240 Gele-

150 1262 193 1326 nii
204 1261 339 1327 editione
351 1261 566 1360 Gagneianam
577 1260 660 1323 illam
673 1260 816 1347 proxime
826 1274 986 1346 sequente,
998 1260 1030 1324 in
1042 1261 1110 1335 hac,
1123 1284 1196 1346 quae

149 1371 233 1415 anno
247 1369 329 1433 1550
345 1347 476 1411 Basileae
487 1369 602 1412 excusa
612 1361 670 1424 est,
683 1345 829 1432 producti
841 1361 914 1410 sunt
924 1346 1018 1410 iidem
1034 1360 1196 1424 tractatus,

151 1435 205 1500 sed
220 1456 288 1498 sum
314 1433 337 1498 ti
352 1457 392 1498 ex
405 1433 511 1497 codice
521 1432 659 1519 quodam
672 1432 863 1509 Britannico,
873 1455 968 1518 quem
980 1434 1004 1495 J
1005 1455 1120 1496 oannes
1132 1434 1197 1496 Le-

150 1520 265 1585 landus
285 1457 414 1583 illustris
439 1518 634 1617 antiquarius
655 1541 728 1582 cum
752 1517 884 1582 Gelenio
905 1519 1197 1582 communicaverat.

153 1608 194 1670 In
215 1606 273 1669 hoc
291 1604 397 1670 codice
432 1629 448 1668 e
490 1618 529 1667 111
549 1618 623 1668 sunt
645 1617 707 1669 tres
722 1626 850 1689 quoque
869 1626 909 1666 ex
930 1601 1042 1667 libellis
1060 1627 1081 1667 a
1098 1606 1198 1669 Beato

152 1691 308 1756 Rhenano
322 1627 532 1777 ρ111111111111ς
557 1703 589 1754 et
604 1712 687 1753 unus
700 1689 872 1754 eorundem
887 1688 949 1753 fuit
963 1688 1041 1753 alter
1059 1689 1197 1767 illorum,

152 1800 232 1863 quos
249 1775 319 1856 edo,
335 1775 570 1862 opusculorum,
585 1776 624 1839 de
637 1777 884 1874 Proescriptione
898 1775 1130 1840 Haereticornm
1152 1776 1200 1839 in-

152 1862 295 1949 scriptus.
339 1860 505 1926 Editiones
529 1875 634 1925 autem
660 1860 815 1946 primaria
838 1859 1039 1939 Tertulliani,
1062 1884 1197 1948 quarum

152 1971 212 2034 ope
233 1971 294 2034 ego
314 1946 347 2010 in
368 1946 497 2011 edendis
517 1947 566 2011 his
587 1947 746 2034 opusculis
771 1968 848 2011 usus
874 1969 956 2024 sum,
984 1946 1199 2012 Rhenaniana

103 2072 111 2082 -
152 2035 297 2121 princeps
319 2046 352 2098 et
380 2033 471 2097 tertia
496 2032 636 2110 fuerunt,
656 2055 730 2097 cum
751 2032 819 2097 illas
840 2046 953 2097 mutuo
974 2032 1158 2119 accepissem
1181 2057 1200 2096 a

152 2120 283 2184 custode
305 2118 455 2206 sociisque
479 2119 563 2183 Novi
586 2118 708 2206 collegii
731 2118 904 2206 splendidae
925 2133 957 2183 11
981 2119 1120 2204 antiquae
1143 2120 1197 2182 do

153 2229 234 2271 mus.
280 2204 390 2268 Editio
416 2204 623 2269 Rhenaniana
647 2219 760 2291 quarta
782 2220 814 2269 et
836 2203 957 2282 ultima,
982 2226 1055 2291 quae
1083 2205 1200 2292 prodiit

154 2291 262 2356 itidem
279 2290 410 2355 Basileae
425 2313 507 2355 auno
526 2307 606 2376 1539
621 2291 654 2355 in
671 2290 792 2375 peculio
806 2313 876 2353 meo
891 2306 1043 2355 censetur.
1091 2293 1130 2355 Se
1154 2291 1201 2354 ui-

154 2392 208 2442 tur
229 2375 409 2442 Parisiensis
430 2376 482 2442 illa
502 2399 585 2441 anno
603 2379 685 2462 1566
700 2375 784 2463 typis
804 2375 963 2460 impressa,
979 2399 1051 2462 quoe
1071 2315 1198 2462 quidem

154 2463 261 2541 editio,
284 2463 437 2527 referente
458 2463 496 2528 cl.
516 2463 764 2528 Schoenemanno
784 2462 816 2525 in
833 2463 1026 2526 Bibliotheca
1043 2464 1202 2527 111Ηὸ1-

155 2553 239 2614 toria
253 2551 322 2613 Lit.
341 2551 478 2613 Parrum
496 2551 702 2628 Latinorum,
718 2546 780 2613 vol.
792 2550 842 2612 11.
858 2571 889 2634 p.
906 2567 957 2615 aa.
972 2562 1118 2613 accurata
1137 2549 1202 2613 Ge-

153 2635 284 2699 lenianae
303 2635 446 2721 repetitio
465 2649 522 2698 est.
569 2634 704 2699 Accedit
726 2633 966 2712 Franekeriana,
987 2635 1078 2721 cujus
1095 2647 1202 2698 textus

154 2743 225 2785 cum
241 2720 416 2806 descriptus
429 2735 510 2785 esset
524 2743 564 2784 ex
579 2720 715 2784 editione
727 2720 839 2785 celebri
851 2719 961 2786 Jacobi
978 2720 1108 2783 Pamelii
1120 2743 1202 2784 anno

158 2823 240 2891 1579
266 2828 391 2886 excusa,
416 2806 498 2870 notis
523 2806 683 2870 -Francisci
708 2806 801 2870 Junii
829 2805 984 2870 illustrata
1014 2805 1202 2871 Franekerae

154 2913 237 2956 anno
262 2907 342 2977 1597
390 2891 494 2955 rodiit.
537 2892 595 2955 Ad
616 2914 745 2956 manum
766 2914 861 2979 porro
882 2891 958 2954 mihi
983 2892 1112 2956 fuerunt
1133 2891 1202 2955 aliae

154 2975 227 3041 duae
248 3001 267 3040 a
286 2914 417 3041 Nicoliro
437 2975 578 3064 Rigaltio
596 2978 625 3042 Ι.
640 2980 678 3042 C.
696 2978 865 3055 adornatae,
883 2991 951 3041 turn
969 2977 1022 3041 illa
1039 3000 1151 3041 novem
1167 2976 1203 3040 li-

153 3062 283 3127 brorum
300 3061 490 3127 Tertulliani
507 3062 633 3127 Parisiis
648 3063 749 3127 forma
767 3063 879 3127 minori
892 3087 975 3128 anno
988 3062 1038 3127 vel
1056 3067 1136 3130 1628
1153 3063 1202 3127 vel

157 3151 239 3232 1629
261 3149 421 3236 impressa,
445 3162 515 3213 tum
540 3148 666 3236 egregia
690 3149 831 3213 omnium
856 3172 987 3236 operum
1014 3148 1203 3213 Tertulliani

154 3235 260 3312 editio,
276 3259 350 3321 quae
367 3257 450 3299 anno
468 3238 550 3321 1634
565 3258 638 3299 cum
657 3236 733 3300 orbe
753 3235 888 3299 litterato
907 3234 948 3298 ab
968 3234 1077 3299 eodem
1097 3234 1204 3321 Rigal-

155 3320 199 3384 tio
218 3321 445 3386 communicata
459 3336 515 3386 est.
547 3323 642 3386 Hanc
656 3336 761 3386 autem
777 3319 989 3407 Rigaltianam
1009 3335 1103 3406 atque
1124 3321 1204 3385 duas

153 3404 221 3470 illas
238 3407 306 3493 jam
328 3408 427 3472 dictas
446 3406 606 3486 editiones,
624 3407 751 3472 Parisiis
765 3429 848 3471 anno
866 3408 947 3492 1566
963 3421 995 3470 11
1016 3405 1204 3470 Franekerae

154 3513 237 3555 anno
262 3508 343 3577 1597
366 3494 450 3580 typis
469 3493 644 3579 impressas,
666 3495 761 3558 Joan.
786 3491 849 3556 Sal.
874 3492 1031 3556 Semlerus
1053 3491 1138 3556 haud
1160 3492 1205 3555 ita

153 3577 276 3662 pridem
300 3582 393 3641 causi
415 3578 602 3664 indagandae
624 3578 764 3643 lectionis
786 3578 993 3643 Tertullianae
1014 3577 1047 3641 in
1068 3577 1203 3642 editione

154 3685 211 3725 sua
234 3661 367 3726 Halensi
392 3686 464 3727 curn
490 3663 590 3750 princi
615 3688 632 3727 e
655 3663 871 3742 Rhenaniana,
890 3665 982 3750 cujus
1005 3676 1112 3728 textus
1138 3663 1204 3727 fere

154 3752 319 3834 expressus
336 3763 383 3812 est
402 3748 436 3811 in
458 3749 518 3813 hac
538 3751 585 3814 Hs
605 3750 682 3827 ensi,
703 3750 906 3814 conferendas
927 3749 1072 3848 suscepit.
1120 3751 1204 3812 Cum

155 3833 335 3898 Pameliana
360 3857 435 3898 vero
461 3835 596 3900 editione
619 3836 652 3900 id
679 3836 753 3900 fecit
781 3835 938 3900 Semlerus
960 3836 993 3899 in
1017 3835 1056 3899 ris
1080 3833 1203 3912 libellis,

153 3942 233 4006 quos
254 3918 398 3997 ineditos,
423 3933 459 3985 ut
480 3920 559 3999 dixi,
581 3921 710 4008 reliquit
732 3922 915 3986 Rhenanus·
962 3920 1085 3986 Prodiit
1107 3920 1205 3985 editio

154 4004 303 4070 Halensis
322 4005 691 4090 annis177o-1776in
712 4031 776 4094 qua
797 4007 926 4093 quidem
946 4007 1080 4071 varietas
1099 4005 1205 4070 lectio-

153 4091 201 4156 nis
225 4113 378 4179 perquam
403 4090 521 4155 utiliter
543 4115 562 4155 1
584 4093 658 4157 viris
683 4093 720 4157 cl.
746 4093 885 4157 Semlero
906 4105 938 4158 11
962 4092 1123 4170 Schutzio,
1147 4092 1205 4155 etsi

153 4176 257 4241 minus
271 4189 426 4257 accurate,
441 4200 498 4242 nec
512 4177 585 4243 satis
600 4179 702 4276 plene,
716 4179 866 4244 adnotata
880 4192 935 4242 est.
975 4181 1069 4242 Certe
1086 4177 1206 4241 utiliter

153 4261 274 4348 adjecta
288 4277 345 4341 est,
362 4262 449 4326 haud
471 4287 541 4327 raro
560 4287 643 4328 enim
661 4266 708 4344 fit,
724 4277 760 4329 ut
779 4263 865 4351 apud
883 4263 1118 4328 Tertullianum
1140 4261 1206 4328 edi·
