2678 4830
85 381 89 388 .
120 328 164 396 56
482 324 794 391 S.H1PPOLYT1

122 499 204 585 τοὺς
239 496 352 584 πόδας
384 498 502 578 αι’ποῦ·
542 498 693 603 ἔσχατος
728 496 853 604 ἐχθρὸς
883 503 1109 602 καταργεῖται
1139 500 1160 578 ὁ

122 628 284 714 θάνατος.
319 624 435 708 πάντα
456 625 527 731 γὰρ
551 627 780 708 ὑποτεταιιται
801 626 908 734 αὐτῷ.
933 625 1019 705 ἵπαν
1043 623 1081 704 δὲ
1106 626 1157 705 εἵ-

122 793 190 864 πῃ,
219 756 337 838 πάντα
363 756 591 838 &amimae
617 755 726 864 αι’πῷ,
753 757 863 854 δῆλον
892 753 947 832 ὅτι
969 752 1068 839 ἐκτὸς
1094 761 1159 835 τοῦ

124 885 365 994 ὑποτάξαντος
383 885 478 992 αὐτῷ
497 882 544 964 τὰ
559 882 688 964 πάντα.
736 879 827 963 Τάτε
852 884 911 961 καὶ
935 879 1039 967 αὐτὸς
1065 885 1155 962 ὑπο·

123 1014 318 1117 ταγῆσεται
342 1019 392 1121 τῷ
420 1009 635 1119 ὡτοτάξανιι
660 1012 755 1119 αὐτῷ
780 1009 828 1091 τὰ
853 1010 985 1109 πάντα,
1005 1011 1064 1092 ἵνα
1089 1007 1113 1117 ᾗ
1137 1013 1181 1104 65

124 1143 217 1229 Θεὸς
233 1141 350 1223 πάντα
368 1145 405 1221 έν
422 1147 546 1220 πᾶσιν.
591 1135 639 1218 Εἴ
653 1140 714 1218 οὖν
731 1137 777 1218 τὰ
793 1137 911 1219 πάντα
929 1139 1158 1221 ιἰποτεπαιεται

123 1273 218 1379 αὐτῷ
241 1270 339 1355 ἐκτὸς
362 1278 426 1349 τοῦ
451 1266 704 1375 ἱστοιάξαντος,
728 1264 871 1348 πάντων
892 1275 1024 1371 κρατεῖ,
1050 1269 1157 1347 αὐτοῦ

124 1399 162 1478 δὲ
180 1401 199 1478 ὁ
218 1397 361 1503 Πατὴρ,
382 1399 439 1478 ἵνα
457 1400 494 1477 ἐν
511 1403 624 1477 πᾶσιν
643 1394 690 1481 εἷς
708 1393 800 1480 Θεὸς
819 1392 1044 1504 &stuwi-rei
1062 1395 1155 1476 πάν·

123 1561 169 1606 τα
193 1524 435 1607 ὑποτάσσεται
462 1523 537 1625 ἅμα
560 1530 725 1632 Χριστῷ,
752 1519 781 1632 ᾧ
810 1522 855 1604 τά
883 1521 1000 1604 πάντα
1029 1521 1157 1628 Πατὴρ

124 1655 294 1761 ὑπέταξεν
317 1652 435 1760 παρὲξ
459 1655 594 1732 ἑαυτοῦ.
643 1659 758 1733 Τοῦτο
784 1652 857 1757 γὰρ
883 1651 1042 1756 Χριστὸς
1070 1652 1154 1761 ἔφη,
1168 1688 1198 1726 10

123 1783 172 1864 ὡς
186 1786 253 1878 (for.
267 1778 318 1884 ὃς)
334 1783 371 1859 έν
383 1787 434 1886 τῷ
451 1780 645 1885 εὐαγγελίῳ
659 1783 716 1858 καὶ
734 1780 879 1883 Πατέρα
890 1780 978 1860 ἴδιον
991 1782 1049 1859 καὶ
1063 1778 1157 1860 Θεὸν

124 1905 370 2009 ὡμολόγησεν.
395 1907 491 2007 λέγει
507 1904 578 2010 γὰρ
595 1907 719 2004 οὕτως,
732 1905 882 2009 Ὑπάγω
898 1905 988 2011 πρὸς
1000 1905 1064 1988 τὸν
1078 1914 1156 1989 Πα-

122 2037 207 2139 τέρα
229 2069 298 2135 μου
323 2037 380 2113 καὶ
404 2034 550 2137 Πατέρα
573 2036 684 2134 ὑμῶν,
705 2039 762 2114 καὶ
780 2034 874 2115 Θεόν
894 2071 964 2135 μου
985 2039 1044 2117 καὶ
1063 2036 1156 2116 Θεὸν

123 2165 232 2262 ὑμῶν.
286 2168 331 2241 Εἰ
355 2162 417 2241 οὖν
439 2160 579 2261 Νάτγτος
596 2169 715 2269 τολμᾷ
731 2164 849 2265 λέγειν
866 2164 973 2245 αι’πὸν
990 2161 1078 2244 εἶναι
1095 2163 1157 2246 τὸν

124 2291 283 2393 Πατέρα,
313 2286 402 2392 πρὸς
428 2295 529 2368 ποῖον
558 2290 702 2393 Πατέρα
728 2293 800 2395 ἐρεῖ
821 2291 1034 2395 πορεύεσθαι
1061 2298 1154 2397 Χρι-
1166 2324 1195 2386 15

123 2416 213 2499 στὸν
226 2416 316 2498 κατὰ
332 2415 397 2516 τὴν
415 2416 646 2521 εὐαγγελικὴν
664 2417 786 2524 φωνήν
802 2453 813 2516 ;
835 2425 864 2498 εἰ
882 2418 920 2499 δὲ
937 2421 1034 2527 ἀξιοῖ
1043 2455 1154 2500 κατα-

123 2550 319 2655 λείψαντας
345 2546 436 2645 ἡμᾶς
463 2543 504 2624 τὸ
532 2546 739 2650 εὐαγγέλιον
765 2553 809 2652 τῇ
834 2549 941 2627 αι’ποῦ
968 2549 1156 2655 ἀφροσύνῃ

122 2674 315 2771 πιστεύειν,
346 2672 461 2775 μάτην
488 2671 621 2773 κάμνει·
662 2680 872 2780 Πειθαρχεῖν
899 2674 969 2781 γάρ
996 2681 1052 2756 δεῖ
1076 2682 1181 2785 Θεῷ·

121 2807 265 2898 μᾶλλον
282 2798 305 2901 ἢ
324 2801 532 2903 ἀνθρώποις.

121 2961 292 3035 οαόρεαὶὺαε
305 2962 370 3036 ejus.
404 2963 556 3019 Novissime
569 2982 617 3019 αα-
659 2975 727 3021 sunt
753 2965 839 3022 simul
865 2985 932 3025 cum
960 2965 1087 3032 Christo,
1110 2965 1156 3023 cui

122 3051 175 3098 tem
185 3042 291 3098 inimica
302 3043 453 3099 destruetur
460 3061 547 3099 mors:
563 3063 617 3100 om·
659 3045 758 3105 omnia
771 3046 856 3103 Pater
871 3046 994 3123 subjecit
1006 3058 1114 3121 praeter
1125 3065 1155 3105 se

121 3124 420 3198 niaenimsuly‘eeiteub
429 3124 543 3198 pedibus
551 3126 617 3200 ερας.
658 3126 763 3201 ipsum.
801 3126 878 3184 'Hoc
913 3127 991 3184 enim
1026 3128 1156 3186 Christus

123 3205 189 3264 Cum
212 3214 299 3262 autem
322 3206 413 3263 dicat:
441 3205 536 3262 Omnia
559 3206 619 3262 sub·
658 3207 746 3264 dixit:
762 3207 837 3265 sicut
849 3207 881 3264 in
895 3209 1045 3286 evaugelio
1059 3221 1090 3266 et
1103 3210 1155 3266 Pa·

113 3289 191 3362 jeeta
204 3296 265 3344 stant
278 3288 304 3344 α’
312 3313 321 3355 ,·
342 3288 398 3344 sine
416 3287 504 3352 dubio,
515 3296 619 3361 praeter
658 3298 733 3344 trem
748 3308 831 3345 suum
846 3300 876 3346 et
893 3290 988 3346 Deum
1007 3289 1155 3351 confessus

120 3389 179 3426 eum
192 3369 238 3444 qui
249 3370 362 3445 subjecit
379 3369 404 3425 α’
422 3369 516 3427 omnia.
554 3368 618 3424 Cum
658 3380 712 3428 est.
747 3371 798 3426 Ait
820 3370 897 3427 enim
921 3370 979 3428 sic:
1002 3371 1101 3428 evado
1121 3371 1158 3428 ad

122 3458 209 3506 autem
221 3450 340 3526 &objecta
345 3451 455 3524 fuerint
465 3450 507 3506 illi
521 3450 616 3515 omnia,
657 3450 770 3507 Patrem
778 3469 861 3507 meum
869 3460 896 3507 et
902 3452 1016 3508 Patrem
1023 3461 1141 3510 vestrum
1145 3477 1154 3520 ,-

122 3539 184 3587 tunc
197 3539 224 3586 et
239 3531 295 3605 ipse
307 3531 396 3587 Filius
414 3530 547 3606 subjectus
565 3533 619 3588 erit
657 3540 684 3588 et
693 3532 782 3589 Deum
795 3551 879 3589 meum
888 3541 915 3589 et
927 3533 1015 3590 Deum
1028 3542 1155 3592 vestrum.

121 3612 156 3678 ei,
172 3612 217 3687 qui
234 3612 345 3688 subjoeit
361 3612 619 3677 ναυτιάσαντα
659 3612 691 3670 Si
714 3632 781 3692 ergo
804 3613 918 3671 Noetus
940 3613 1028 3670 audet
1048 3614 1155 3680 dicere,

121 3693 199 3749 Deus
215 3694 299 3749 omnia
313 3693 341 3748 ἱα
354 3692 478 3752 omnibus.
515 3692 547 3749 Si
564 3693 617 3770 igi-
657 3694 752 3769 ipsum
774 3712 836 3752 esse
853 3695 984 3761 Patrem,
1010 3695 1048 3752 ad
1068 3714 1156 3769 quem

122 3786 171 3832 tur
181 3774 278 3831 omnia
288 3773 418 3851 subjecta
429 3784 497 3831 sunt
508 3774 535 3830 ei
544 3793 616 3848 prae-
657 3785 769 3850 patrem
790 3774 868 3833 dicet
887 3775 929 3831 ire
945 3774 1095 3833 Christum
1114 3795 1156 3835 se·
1230 3823 1232 3829 .

123 3867 168 3912 ter
182 3874 249 3912 eum
264 3854 313 3930 qui
328 3855 355 3911 ei
372 3854 495 3932 subjecit
508 3855 615 3920 omnia,
658 3855 785 3913 cundum
798 3875 901 3913 vocem
915 3856 1080 3934 evangelii?
1105 3857 1157 3915 Sin

122 3935 252 3994 omnium
266 3945 347 3992 tenet
360 3935 559 4000 dominatum
574 3936 616 4010 ip·
657 3955 727 3993 vero
743 3937 806 3994 vult
824 3948 857 3993 ut
873 3937 974 3995 relicto
994 3939 1155 4016 evangelio,

123 4019 181 4076 sius
192 4037 261 4075 vero
275 4016 457 4074 dominatum
470 4025 551 4073 tenet
564 4017 616 4073 Pa·
658 4018 792 4074 ementiae
803 4022 864 4096 ejus
877 4018 1039 4085 credamus,
1050 4019 1157 4077 frustra

120 4111 176 4165 ter,
191 4111 224 4157 ut
244 4099 274 4155 in
296 4097 428 4155 omnibus
446 4116 521 4154 unus
539 4098 618 4156 Deus
657 4098 779 4164 laborat,
805 4095 935 4173 boportet
958 4101 1026 4157 enim
1050 4100 1156 4158 obedire

121 4182 290 4256 reperiatur,
305 4179 353 4236 cui
372 4179 469 4236 omnia
489 4179 619 4260 subjecte
658 4181 744 4258 τααρίι
756 4181 827 4246 Deo,
843 4201 920 4257 quam
934 4181 1090 4240 hominibus.

349 4293 364 4323 ν
379 4283 435 4331 Jou
448 4299 488 4331 xx.
504 4295 540 4346 ιγ.
691 4287 705 4325 b
717 4286 799 4335 Actor.
811 4285 844 4335 iv.
860 4300 896 4350 19.
914 4302 938 4334 v.
952 4301 989 4350 ιο.
