<?xml version="1.0" encoding="UTF-8"?>
<!DOCTYPE html PUBLIC "-//W3C//DTD XHTML 1.0 Transitional//EN"
    "http://www.w3.org/TR/xhtml1/DTD/xhtml1-transitional.dtd">
<html xmlns="http://www.w3.org/1999/xhtml" xml:lang="en" lang="en">
 <head>
  <title>
</title>
<meta http-equiv="Content-Type" content="text/html;charset=utf-8" />
  <meta name='ocr-system' content='tesseract 3.04.00' />
  <meta name='ocr-capabilities' content='ocr_page ocr_carea ocr_par ocr_line ocrx_word'/>
</head>
<body>
  <div class='ocr_page' id='page_1' title='image "./scriptorumeccle00unkngoog_0185.png"; bbox 0 0 2678 4830; ppageno 0'>
   <div class='ocr_carea' id='block_1_1' title="bbox 77 323 814 390">
    <p class='ocr_par' dir='ltr' id='par_1_1' title="bbox 77 323 814 390">
     <span class='ocr_line' id='line_1_1' title="bbox 77 323 814 390; baseline -0.004 0"><span class='ocrx_word' id='word_1_1' title='bbox 77 325 140 390; x_wconf 83' lang='lat'>166</span> <span class='ocrx_word' id='word_1_2' title='bbox 380 323 467 387; x_wconf 78' lang='lat' dir='ltr'>Ani</span> <span class='ocrx_word' id='word_1_3' title='bbox 479 324 628 388; x_wconf 89' lang='lat' dir='ltr'>ERSUS</span> <span class='ocrx_word' id='word_1_4' title='bbox 651 323 814 388; x_wconf 90' lang='lat' dir='ltr'><strong>OMNES</strong></span> 
     </span>
    </p>
   </div>
   <div class='ocr_carea' id='block_1_2' title="bbox 0 492 1168 4292">
    <p class='ocr_par' dir='ltr' id='par_1_2' title="bbox 0 492 1168 4292">
     <span class='ocr_line' id='line_1_2' title="bbox 75 492 1123 593; baseline -0.004 -23"><span class='ocrx_word' id='word_1_5' title='bbox 75 496 260 580; x_wconf 84' lang='lat' dir='ltr'>stolorum,</span> <span class='ocrx_word' id='word_1_6' title='bbox 278 506 314 566; x_wconf 92' lang='lat' dir='ltr'>et</span> <span class='ocrx_word' id='word_1_7' title='bbox 330 493 604 593; x_wconf 81' lang='lat' dir='ltr'>Apocalypsim,</span> <span class='ocrx_word' id='word_1_8' title='bbox 620 494 722 591; x_wconf 87' lang='lat' dir='ltr'>quasi</span> <span class='ocrx_word' id='word_1_9' title='bbox 745 494 835 567; x_wconf 84' lang='lat' dir='ltr'>falsa</span> <span class='ocrx_word' id='word_1_10' title='bbox 857 492 983 590; x_wconf 86' lang='lat' dir='ltr'>rejicit.</span> <span class='ocrx_word' id='word_1_11' title='bbox 1036 492 1123 566; x_wconf 86' lang='lat' dir='ltr'>Post</span> 
     </span>
     <span class='ocr_line' id='line_1_3' title="bbox 76 607 1122 708; baseline -0.003 -24"><span class='ocrx_word' id='word_1_12' title='bbox 76 613 176 684; x_wconf 89' lang='lat' dir='ltr'>hunc</span> <span class='ocrx_word' id='word_1_13' title='bbox 193 608 391 708; x_wconf 89' lang='lat' dir='ltr'>discipulus</span> <span class='ocrx_word' id='word_1_14' title='bbox 410 609 522 707; x_wconf 88' lang='lat' dir='ltr'>ipsius</span> <span class='ocrx_word' id='word_1_15' title='bbox 540 609 685 683; x_wconf 84' lang='lat' dir='ltr'>emersit</span> <span class='ocrx_word' id='word_1_16' title='bbox 704 609 869 683; x_wconf 82' lang='lat' dir='ltr'><strong>Marcion</strong></span> <span class='ocrx_word' id='word_1_17' title='bbox 889 607 1037 706; x_wconf 91' lang='lat' dir='ltr'>quidam</span> <span class='ocrx_word' id='word_1_18' title='bbox 1056 634 1122 681; x_wconf 91' lang='lat' dir='ltr'>no-</span> 
     </span>
     <span class='ocr_line' id='line_1_4' title="bbox 76 724 1122 825; baseline -0.001 -26"><span class='ocrx_word' id='word_1_19' title='bbox 76 727 186 816; x_wconf 89' lang='lat' dir='ltr'>mine,</span> <span class='ocrx_word' id='word_1_20' title='bbox 203 724 376 799; x_wconf 87' lang='lat' dir='ltr'>Ponticus</span> <span class='ocrx_word' id='word_1_21' title='bbox 400 750 541 823; x_wconf 86' lang='lat' dir='ltr'>genere,</span> <span class='ocrx_word' id='word_1_22' title='bbox 561 725 722 825; x_wconf 79' lang='lat' dir='ltr'>episcopi</span> <span class='ocrx_word' id='word_1_23' title='bbox 746 726 855 812; x_wconf 88' lang='lat' dir='ltr'>filius,</span> <span class='ocrx_word' id='word_1_24' title='bbox 877 740 1026 824; x_wconf 91' lang='lat' dir='ltr'>propter</span> <span class='ocrx_word' id='word_1_25' title='bbox 1047 737 1122 799; x_wconf 91' lang='lat' dir='ltr'>stu-</span> 
     </span>
     <span class='ocr_line' id='line_1_5' title="bbox 74 840 1121 945; baseline -0.004 -28"><span class='ocrx_word' id='word_1_26' title='bbox 74 870 182 945; x_wconf 91' lang='lat' dir='ltr'>prum</span> <span class='ocrx_word' id='word_1_27' title='bbox 196 841 385 938; x_wconf 89' lang='lat' dir='ltr'>cujusdam</span> <span class='ocrx_word' id='word_1_28' title='bbox 398 841 544 941; x_wconf 84' lang='lat' dir='ltr'>virginis</span> <span class='ocrx_word' id='word_1_29' title='bbox 558 843 604 914; x_wconf 92' lang='lat' dir='ltr'>ab</span> <span class='ocrx_word' id='word_1_30' title='bbox 616 841 777 916; x_wconf 80' lang='lat' dir='ltr'>ecclesiae</span> <span class='ocrx_word' id='word_1_31' title='bbox 791 840 1121 915; x_wconf 85' lang='lat' dir='ltr'>communicatione</span> 
     </span>
     <span class='ocr_line' id='line_1_6' title="bbox 0 956 1147 1056; baseline -0.003 -23"><span class='ocrx_word' id='word_1_32' title='bbox 0 997 3 1009; x_wconf 66' lang='lat'>&gt;</span> <span class='ocrx_word' id='word_1_33' title='bbox 75 958 248 1055; x_wconf 89' lang='lat' dir='ltr'>abjectus.</span> <span class='ocrx_word' id='word_1_34' title='bbox 280 957 356 1031; x_wconf 90' lang='lat' dir='ltr'>Hic</span> <span class='ocrx_word' id='word_1_35' title='bbox 373 983 418 1030; x_wconf 87' lang='lat' dir='ltr'>ex</span> <span class='ocrx_word' id='word_1_36' title='bbox 437 956 636 1048; x_wconf 81' lang='lat' dir='ltr'>occasione,</span> <span class='ocrx_word' id='word_1_37' title='bbox 652 984 724 1056; x_wconf 92' lang='lat' dir='ltr'>qua</span> <span class='ocrx_word' id='word_1_38' title='bbox 740 957 879 1031; x_wconf 90' lang='lat' dir='ltr'>dictum</span> <span class='ocrx_word' id='word_1_39' title='bbox 898 957 964 1031; x_wconf 91' lang='lat' dir='ltr'>sit:</span> <span class='ocrx_word' id='word_1_40' title='bbox 993 957 1147 1044; x_wconf 83' lang='lat' dir='ltr'>Omnis5</span> 
     </span>
     <span class='ocr_line' id='line_1_7' title="bbox 75 1070 1117 1175; baseline -0.006 -23"><span class='ocrx_word' id='word_1_41' title='bbox 75 1077 185 1152; x_wconf 83' lang='lat' dir='ltr'>orbor</span> <span class='ocrx_word' id='word_1_42' title='bbox 202 1075 294 1150; x_wconf 80' lang='lat' dir='ltr'>hona</span> <span class='ocrx_word' id='word_1_43' title='bbox 312 1071 581 1175; x_wconf 78' lang='lat' dir='ltr'>bonosfructus</span> <span class='ocrx_word' id='word_1_44' title='bbox 587 1070 706 1174; x_wconf 83' lang='lat' dir='ltr'>facit,</span> <span class='ocrx_word' id='word_1_45' title='bbox 723 1072 823 1147; x_wconf 84' lang='lat' dir='ltr'>mula</span> <span class='ocrx_word' id='word_1_46' title='bbox 839 1083 962 1147; x_wconf 82' lang='lat' dir='ltr'>autem</span> <span class='ocrx_word' id='word_1_47' title='bbox 978 1073 1117 1157; x_wconf 82' lang='lat' dir='ltr'>mulos,·</span> 
     </span>
     <span class='ocr_line' id='line_1_8' title="bbox 75 1186 1120 1289; baseline -0.006 -24"><span class='ocrx_word' id='word_1_48' title='bbox 75 1191 229 1266; x_wconf 84' lang='lat' dir='ltr'>haeresin</span> <span class='ocrx_word' id='word_1_49' title='bbox 246 1189 420 1264; x_wconf 80' lang='lat' dir='ltr'>Cerdonis</span> <span class='ocrx_word' id='word_1_50' title='bbox 444 1191 642 1289; x_wconf 83' lang='lat' dir='ltr'>approbare</span> <span class='ocrx_word' id='word_1_51' title='bbox 663 1198 813 1260; x_wconf 90' lang='lat' dir='ltr'>conatus</span> <span class='ocrx_word' id='word_1_52' title='bbox 835 1200 900 1277; x_wconf 92' lang='lat' dir='ltr'>est,</span> <span class='ocrx_word' id='word_1_53' title='bbox 917 1186 1042 1260; x_wconf 92' lang='lat' dir='ltr'>eadem</span> <span class='ocrx_word' id='word_1_54' title='bbox 1066 1187 1120 1260; x_wconf 92' lang='lat' dir='ltr'>di-</span> 
     </span>
     <span class='ocr_line' id='line_1_9' title="bbox 74 1303 1120 1410; baseline -0.006 -28"><span class='ocrx_word' id='word_1_55' title='bbox 74 1335 154 1387; x_wconf 88' lang='lat' dir='ltr'>cere</span> <span class='ocrx_word' id='word_1_56' title='bbox 172 1305 270 1410; x_wconf 83' lang='lat' dir='ltr'>(sor.</span> <span class='ocrx_word' id='word_1_57' title='bbox 288 1305 422 1396; x_wconf 87' lang='lat' dir='ltr'>dicens,</span> <span class='ocrx_word' id='word_1_58' title='bbox 433 1305 583 1380; x_wconf 69' lang='lat' dir='ltr'>lunius.</span> <span class='ocrx_word' id='word_1_59' title='bbox 600 1303 682 1378; x_wconf 83' lang='lat' dir='ltr'>vide</span> <span class='ocrx_word' id='word_1_60' title='bbox 702 1305 852 1400; x_wconf 84' lang='lat' dir='ltr'>notam),</span> <span class='ocrx_word' id='word_1_61' title='bbox 873 1329 954 1400; x_wconf 89' lang='lat' dir='ltr'>quae</span> <span class='ocrx_word' id='word_1_62' title='bbox 977 1303 1038 1376; x_wconf 87' lang='lat' dir='ltr'>ille</span> <span class='ocrx_word' id='word_1_63' title='bbox 1062 1330 1120 1376; x_wconf 89' lang='lat' dir='ltr'>su-</span> 
     </span>
     <span class='ocr_line' id='line_1_10' title="bbox 72 1417 1120 1525; baseline -0.004 -28"><span class='ocrx_word' id='word_1_64' title='bbox 72 1424 193 1525; x_wconf 91' lang='lat' dir='ltr'>perior</span> <span class='ocrx_word' id='word_1_65' title='bbox 216 1422 403 1497; x_wconf 86' lang='lat' dir='ltr'>haereticus</span> <span class='ocrx_word' id='word_1_66' title='bbox 431 1434 513 1495; x_wconf 90' lang='lat' dir='ltr'>ante</span> <span class='ocrx_word' id='word_1_67' title='bbox 535 1420 685 1494; x_wconf 81' lang='lat' dir='ltr'>dixerat.</span> <span class='ocrx_word' id='word_1_68' title='bbox 736 1417 889 1492; x_wconf 85' lang='lat' dir='ltr'>Exstitit</span> <span class='ocrx_word' id='word_1_69' title='bbox 913 1420 1120 1519; x_wconf 91' lang='lat' dir='ltr'>posthunc</span> 
     </span>
     <span class='ocr_line' id='line_1_11' title="bbox 72 1533 1168 1637; baseline -0.006 -25"><span class='ocrx_word' id='word_1_70' title='bbox 72 1539 243 1613; x_wconf 88' lang='lat' dir='ltr'>Lucanus</span> <span class='ocrx_word' id='word_1_71' title='bbox 266 1537 413 1637; x_wconf 90' lang='lat' dir='ltr'>quidam</span> <span class='ocrx_word' id='word_1_72' title='bbox 437 1535 595 1621; x_wconf 89' lang='lat' dir='ltr'>nomine,</span> <span class='ocrx_word' id='word_1_73' title='bbox 618 1533 816 1608; x_wconf 89' lang='lat' dir='ltr'>Marcionis</span> <span class='ocrx_word' id='word_1_74' title='bbox 836 1549 990 1610; x_wconf 86' lang='lat' dir='ltr'>sectator</span> <span class='ocrx_word' id='word_1_75' title='bbox 1011 1550 1168 1635; x_wconf 84' lang='lat' dir='ltr'>atquero</span> 
     </span>
     <span class='ocr_line' id='line_1_12' title="bbox 73 1647 1120 1752; baseline -0.001 -24"><span class='ocrx_word' id='word_1_76' title='bbox 73 1653 291 1752; x_wconf 85' lang='lat' dir='ltr'>discipulus:</span> <span class='ocrx_word' id='word_1_77' title='bbox 326 1665 362 1724; x_wconf 92' lang='lat' dir='ltr'>et</span> <span class='ocrx_word' id='word_1_78' title='bbox 392 1651 452 1725; x_wconf 90' lang='lat' dir='ltr'>hic</span> <span class='ocrx_word' id='word_1_79' title='bbox 478 1677 543 1750; x_wconf 92' lang='lat' dir='ltr'>per</span> <span class='ocrx_word' id='word_1_80' title='bbox 572 1647 697 1723; x_wconf 87' lang='lat' dir='ltr'>eadem</span> <span class='ocrx_word' id='word_1_81' title='bbox 725 1650 857 1723; x_wconf 90' lang='lat' dir='ltr'>vadens</span> <span class='ocrx_word' id='word_1_82' title='bbox 884 1652 1120 1752; x_wconf 77' lang='lat' dir='ltr'>blasphemiae</span> 
     </span>
     <span class='ocr_line' id='line_1_13' title="bbox 73 1764 1120 1869; baseline 0 -27"><span class='ocrx_word' id='word_1_83' title='bbox 73 1795 216 1869; x_wconf 88' lang='lat' dir='ltr'>genera,</span> <span class='ocrx_word' id='word_1_84' title='bbox 233 1766 360 1841; x_wconf 90' lang='lat' dir='ltr'>eadem</span> <span class='ocrx_word' id='word_1_85' title='bbox 379 1765 495 1855; x_wconf 92' lang='lat' dir='ltr'>docet,</span> <span class='ocrx_word' id='word_1_86' title='bbox 512 1791 593 1865; x_wconf 88' lang='lat' dir='ltr'>quae</span> <span class='ocrx_word' id='word_1_87' title='bbox 611 1764 778 1840; x_wconf 89' lang='lat' dir='ltr'>Marcion</span> <span class='ocrx_word' id='word_1_88' title='bbox 796 1780 832 1841; x_wconf 93' lang='lat' dir='ltr'>et</span> <span class='ocrx_word' id='word_1_89' title='bbox 849 1767 991 1841; x_wconf 90' lang='lat' dir='ltr'>Cerdon</span> <span class='ocrx_word' id='word_1_90' title='bbox 1010 1769 1120 1860; x_wconf 88' lang='lat' dir='ltr'>docu-</span> 
     </span>
     <span class='ocr_line' id='line_1_14' title="bbox 73 1880 1120 1983; baseline 0.001 -27"><span class='ocrx_word' id='word_1_91' title='bbox 73 1896 185 1956; x_wconf 90' lang='lat' dir='ltr'>erant.</span> <span class='ocrx_word' id='word_1_92' title='bbox 212 1884 298 1957; x_wconf 90' lang='lat' dir='ltr'>Post</span> <span class='ocrx_word' id='word_1_93' title='bbox 315 1881 381 1954; x_wconf 86' lang='lat' dir='ltr'>hos</span> <span class='ocrx_word' id='word_1_94' title='bbox 396 1880 625 1978; x_wconf 87' lang='lat' dir='ltr'>subsequitur</span> <span class='ocrx_word' id='word_1_95' title='bbox 636 1881 796 1981; x_wconf 77' lang='lat' dir='ltr'>Apelles,</span> <span class='ocrx_word' id='word_1_96' title='bbox 807 1881 1005 1983; x_wconf 88' lang='lat' dir='ltr'>discipulus</span> <span class='ocrx_word' id='word_1_97' title='bbox 1019 1884 1120 1959; x_wconf 86' lang='lat' dir='ltr'>Mar-</span> 
     </span>
     <span class='ocr_line' id='line_1_15' title="bbox 73 1995 1119 2099; baseline 0.002 -27"><span class='ocrx_word' id='word_1_98' title='bbox 73 1999 198 2088; x_wconf 89' lang='lat' dir='ltr'>cionis,</span> <span class='ocrx_word' id='word_1_99' title='bbox 214 1997 275 2095; x_wconf 93' lang='lat' dir='ltr'>qui</span> <span class='ocrx_word' id='word_1_100' title='bbox 301 2010 536 2096; x_wconf 90' lang='lat' dir='ltr'>posteaquam</span> <span class='ocrx_word' id='word_1_101' title='bbox 561 1995 598 2069; x_wconf 92' lang='lat' dir='ltr'>in</span> <span class='ocrx_word' id='word_1_102' title='bbox 622 2023 767 2070; x_wconf 90' lang='lat' dir='ltr'>carnem</span> <span class='ocrx_word' id='word_1_103' title='bbox 791 2024 892 2072; x_wconf 87' lang='lat' dir='ltr'>suam</span> <span class='ocrx_word' id='word_1_104' title='bbox 914 1999 1034 2099; x_wconf 86' lang='lat' dir='ltr'>lapsus</span> <span class='ocrx_word' id='word_1_105' title='bbox 1052 2013 1119 2092; x_wconf 93' lang='lat' dir='ltr'>est,</span> 
     </span>
     <span class='ocr_line' id='line_1_16' title="bbox 74 2112 1165 2218; baseline -0.005 -28"><span class='ocrx_word' id='word_1_106' title='bbox 74 2144 94 2190; x_wconf 91' lang='lat' dir='ltr'>a</span> <span class='ocrx_word' id='word_1_107' title='bbox 122 2115 310 2189; x_wconf 90' lang='lat' dir='ltr'>Marcione</span> <span class='ocrx_word' id='word_1_108' title='bbox 337 2125 543 2213; x_wconf 90' lang='lat' dir='ltr'>segregatus</span> <span class='ocrx_word' id='word_1_109' title='bbox 570 2124 647 2185; x_wconf 89' lang='lat' dir='ltr'>est:</span> <span class='ocrx_word' id='word_1_110' title='bbox 687 2112 748 2186; x_wconf 90' lang='lat' dir='ltr'>hic</span> <span class='ocrx_word' id='word_1_111' title='bbox 778 2112 973 2188; x_wconf 87' lang='lat' dir='ltr'>introducit</span> <span class='ocrx_word' id='word_1_112' title='bbox 1004 2141 1165 2218; x_wconf 83' lang='lat' dir='ltr'>unum15</span> 
     </span>
     <span class='ocr_line' id='line_1_17' title="bbox 72 2226 1118 2331; baseline -0.001 -26"><span class='ocrx_word' id='word_1_113' title='bbox 72 2233 197 2306; x_wconf 90' lang='lat' dir='ltr'>Deum</span> <span class='ocrx_word' id='word_1_114' title='bbox 215 2230 364 2304; x_wconf 83' lang='lat' dir='ltr'>infinitis</span> <span class='ocrx_word' id='word_1_115' title='bbox 387 2226 486 2330; x_wconf 86' lang='lat' dir='ltr'>(for.</span> <span class='ocrx_word' id='word_1_116' title='bbox 504 2229 541 2301; x_wconf 89' lang='lat' dir='ltr'>in</span> <span class='ocrx_word' id='word_1_117' title='bbox 559 2227 727 2326; x_wconf 88' lang='lat' dir='ltr'>infinitis)</span> <span class='ocrx_word' id='word_1_118' title='bbox 749 2231 989 2329; x_wconf 88' lang='lat' dir='ltr'>superioribus</span> <span class='ocrx_word' id='word_1_119' title='bbox 1007 2233 1118 2331; x_wconf 90' lang='lat' dir='ltr'>parti-</span> 
     </span>
     <span class='ocr_line' id='line_1_18' title="bbox 72 2344 1117 2445; baseline 0.001 -25"><span class='ocrx_word' id='word_1_120' title='bbox 72 2348 160 2420; x_wconf 90' lang='lat' dir='ltr'>bus:</span> <span class='ocrx_word' id='word_1_121' title='bbox 196 2346 295 2419; x_wconf 90' lang='lat' dir='ltr'>hunc</span> <span class='ocrx_word' id='word_1_122' title='bbox 327 2356 523 2445; x_wconf 85' lang='lat' dir='ltr'>potestates</span> <span class='ocrx_word' id='word_1_123' title='bbox 554 2344 686 2417; x_wconf 87' lang='lat' dir='ltr'>multas</span> <span class='ocrx_word' id='word_1_124' title='bbox 721 2345 937 2442; x_wconf 83' lang='lat' dir='ltr'>angelosque</span> <span class='ocrx_word' id='word_1_125' title='bbox 968 2347 1117 2433; x_wconf 87' lang='lat' dir='ltr'>fecisse;</span> 
     </span>
     <span class='ocr_line' id='line_1_19' title="bbox 71 2459 1117 2562; baseline 0.002 -27"><span class='ocrx_word' id='word_1_126' title='bbox 71 2474 259 2562; x_wconf 88' lang='lat' dir='ltr'>propterea</span> <span class='ocrx_word' id='word_1_127' title='bbox 276 2474 313 2533; x_wconf 91' lang='lat' dir='ltr'>et</span> <span class='ocrx_word' id='word_1_128' title='bbox 336 2459 443 2533; x_wconf 82' lang='lat' dir='ltr'>aliam</span> <span class='ocrx_word' id='word_1_129' title='bbox 468 2459 638 2535; x_wconf 89' lang='lat' dir='ltr'>virtutem</span> <span class='ocrx_word' id='word_1_130' title='bbox 660 2486 770 2557; x_wconf 90' lang='lat' dir='ltr'>quam</span> <span class='ocrx_word' id='word_1_131' title='bbox 794 2460 894 2549; x_wconf 89' lang='lat' dir='ltr'>dicit,</span> <span class='ocrx_word' id='word_1_132' title='bbox 911 2462 1117 2537; x_wconf 91' lang='lat' dir='ltr'>Dominum</span> 
     </span>
     <span class='ocr_line' id='line_1_20' title="bbox 72 2575 1118 2677; baseline 0.003 -27"><span class='ocrx_word' id='word_1_133' title='bbox 72 2577 170 2662; x_wconf 90' lang='lat' dir='ltr'>dicit,</span> <span class='ocrx_word' id='word_1_134' title='bbox 197 2575 260 2649; x_wconf 91' lang='lat' dir='ltr'>sed</span> <span class='ocrx_word' id='word_1_135' title='bbox 286 2576 454 2675; x_wconf 84' lang='lat' dir='ltr'>angelum</span> <span class='ocrx_word' id='word_1_136' title='bbox 483 2577 598 2676; x_wconf 91' lang='lat' dir='ltr'>ponit.</span> <span class='ocrx_word' id='word_1_137' title='bbox 650 2576 735 2650; x_wconf 91' lang='lat' dir='ltr'>Hoc</span> <span class='ocrx_word' id='word_1_138' title='bbox 754 2575 853 2677; x_wconf 80' lang='lat' dir='ltr'>(sor.</span> <span class='ocrx_word' id='word_1_139' title='bbox 867 2578 928 2652; x_wconf 82' lang='lat' dir='ltr'>Ab</span> <span class='ocrx_word' id='word_1_140' title='bbox 950 2579 1118 2666; x_wconf 65' lang='lat' dir='ltr'>hoedu-</span> 
     </span>
     <span class='ocr_line' id='line_1_21' title="bbox 72 2690 1165 2789; baseline -0.002 -25"><span class='ocrx_word' id='word_1_141' title='bbox 72 2692 171 2789; x_wconf 61' lang='grc' dir='ltr'>πίας)</span> <span class='ocrx_word' id='word_1_142' title='bbox 198 2690 277 2764; x_wconf 89' lang='lat' dir='ltr'>vult</span> <span class='ocrx_word' id='word_1_143' title='bbox 301 2691 412 2764; x_wconf 88' lang='lat' dir='ltr'>videri</span> <span class='ocrx_word' id='word_1_144' title='bbox 439 2691 618 2766; x_wconf 91' lang='lat' dir='ltr'>mundum</span> <span class='ocrx_word' id='word_1_145' title='bbox 644 2691 849 2766; x_wconf 89' lang='lat' dir='ltr'>institutum</span> <span class='ocrx_word' id='word_1_146' title='bbox 877 2692 920 2768; x_wconf 87' lang='lat' dir='ltr'>ad</span> <span class='ocrx_word' id='word_1_147' title='bbox 946 2695 1165 2783; x_wconf 86' lang='lat' dir='ltr'>imitatio-20</span> 
     </span>
     <span class='ocr_line' id='line_1_22' title="bbox 73 2802 1117 2909; baseline 0.006 -31"><span class='ocrx_word' id='word_1_148' title='bbox 73 2832 156 2879; x_wconf 91' lang='lat' dir='ltr'>nem</span> <span class='ocrx_word' id='word_1_149' title='bbox 196 2802 323 2878; x_wconf 92' lang='lat' dir='ltr'>mundi</span> <span class='ocrx_word' id='word_1_150' title='bbox 363 2805 564 2904; x_wconf 88' lang='lat' dir='ltr'>superioris,</span> <span class='ocrx_word' id='word_1_151' title='bbox 599 2807 657 2881; x_wconf 92' lang='lat' dir='ltr'>cui</span> <span class='ocrx_word' id='word_1_152' title='bbox 697 2807 834 2882; x_wconf 93' lang='lat' dir='ltr'>mundo</span> <span class='ocrx_word' id='word_1_153' title='bbox 866 2809 1117 2909; x_wconf 85' lang='lat' dir='ltr'>permiscuisse</span> 
     </span>
     <span class='ocr_line' id='line_1_23' title="bbox 71 2919 1117 3023; baseline 0.008 -31"><span class='ocrx_word' id='word_1_154' title='bbox 71 2919 326 3020; x_wconf 88' lang='lat' dir='ltr'>poenitentiam</span> <span class='ocrx_word' id='word_1_155' title='bbox 343 2951 352 3004; x_wconf 91' lang='grc'><strong>;</strong></span> <span class='ocrx_word' id='word_1_156' title='bbox 381 2921 558 3018; x_wconf 89' lang='lat' dir='ltr'>quianon</span> <span class='ocrx_word' id='word_1_157' title='bbox 576 2920 680 2994; x_wconf 88' lang='lat' dir='ltr'>illum</span> <span class='ocrx_word' id='word_1_158' title='bbox 698 2936 772 2996; x_wconf 90' lang='lat' dir='ltr'>tam</span> <span class='ocrx_word' id='word_1_159' title='bbox 786 2924 945 3023; x_wconf 88' lang='lat' dir='ltr'>perfecte</span> <span class='ocrx_word' id='word_1_160' title='bbox 962 2925 1117 3016; x_wconf 87' lang='lat' dir='ltr'>fecisset,</span> 
     </span>
     <span class='ocr_line' id='line_1_24' title="bbox 72 3034 1115 3136; baseline 0.007 -28"><span class='ocrx_word' id='word_1_161' title='bbox 72 3062 182 3133; x_wconf 92' lang='lat' dir='ltr'>quam</span> <span class='ocrx_word' id='word_1_162' title='bbox 207 3034 268 3108; x_wconf 92' lang='lat' dir='ltr'>ille</span> <span class='ocrx_word' id='word_1_163' title='bbox 292 3036 451 3136; x_wconf 87' lang='lat' dir='ltr'>superior</span> <span class='ocrx_word' id='word_1_164' title='bbox 474 3035 633 3109; x_wconf 89' lang='lat' dir='ltr'>mundus</span> <span class='ocrx_word' id='word_1_165' title='bbox 655 3036 840 3112; x_wconf 88' lang='lat' dir='ltr'>institutus</span> <span class='ocrx_word' id='word_1_166' title='bbox 857 3039 994 3114; x_wconf 88' lang='lat' dir='ltr'>fuisset.</span> <span class='ocrx_word' id='word_1_167' title='bbox 1042 3042 1115 3115; x_wconf 90' lang='lat' dir='ltr'>Le-</span> 
     </span>
     <span class='ocr_line' id='line_1_25' title="bbox 72 3149 1114 3254; baseline 0.006 -30"><span class='ocrx_word' id='word_1_168' title='bbox 72 3179 155 3252; x_wconf 90' lang='lat' dir='ltr'>gem</span> <span class='ocrx_word' id='word_1_169' title='bbox 186 3164 223 3225; x_wconf 92' lang='lat' dir='ltr'>et</span> <span class='ocrx_word' id='word_1_170' title='bbox 251 3151 445 3250; x_wconf 87' lang='lat' dir='ltr'>prophetas</span> <span class='ocrx_word' id='word_1_171' title='bbox 475 3149 651 3251; x_wconf 89' lang='lat' dir='ltr'>repudiat.</span> <span class='ocrx_word' id='word_1_172' title='bbox 711 3151 898 3227; x_wconf 88' lang='lat' dir='ltr'>Christum</span> <span class='ocrx_word' id='word_1_173' title='bbox 929 3182 1047 3254; x_wconf 88' lang='lat' dir='ltr'>neque</span> <span class='ocrx_word' id='word_1_174' title='bbox 1076 3159 1114 3231; x_wconf 90' lang='lat' dir='ltr'>iu</span> 
     </span>
     <span class='ocr_line' id='line_1_26' title="bbox 70 3265 1160 3371; baseline 0.002 -32"><span class='ocrx_word' id='word_1_175' title='bbox 70 3266 324 3366; x_wconf 89' lang='lat' dir='ltr'>phantasmate</span> <span class='ocrx_word' id='word_1_176' title='bbox 350 3265 439 3340; x_wconf 92' lang='lat' dir='ltr'>dicit</span> <span class='ocrx_word' id='word_1_177' title='bbox 462 3266 584 3354; x_wconf 87' lang='lat' dir='ltr'>fuisse,</span> <span class='ocrx_word' id='word_1_178' title='bbox 610 3266 703 3339; x_wconf 90' lang='lat' dir='ltr'>sicut</span> <span class='ocrx_word' id='word_1_179' title='bbox 731 3271 907 3361; x_wconf 89' lang='lat' dir='ltr'>Marcion,</span> <span class='ocrx_word' id='word_1_180' title='bbox 933 3298 1049 3371; x_wconf 91' lang='lat' dir='ltr'>neque</span> <span class='ocrx_word' id='word_1_181' title='bbox 1076 3273 1113 3346; x_wconf 89' lang='lat' dir='ltr'>in</span> <span class='ocrx_word' id='word_1_182' title='bbox 1126 3300 1160 3359; x_wconf 83' lang='lat'>25</span> 
     </span>
     <span class='ocr_line' id='line_1_27' title="bbox 71 3382 1114 3484; baseline 0.009 -31"><span class='ocrx_word' id='word_1_183' title='bbox 71 3383 271 3455; x_wconf 88' lang='lat' dir='ltr'>substantia</span> <span class='ocrx_word' id='word_1_184' title='bbox 294 3382 369 3455; x_wconf 88' lang='lat' dir='ltr'>veri</span> <span class='ocrx_word' id='word_1_185' title='bbox 395 3382 564 3481; x_wconf 87' lang='lat' dir='ltr'>corporis,</span> <span class='ocrx_word' id='word_1_186' title='bbox 587 3397 628 3456; x_wconf 92' lang='lat' dir='ltr'>ut</span> <span class='ocrx_word' id='word_1_187' title='bbox 653 3385 879 3484; x_wconf 89' lang='lat' dir='ltr'>evangelium</span> <span class='ocrx_word' id='word_1_188' title='bbox 897 3386 1024 3473; x_wconf 90' lang='lat' dir='ltr'>docet;</span> <span class='ocrx_word' id='word_1_189' title='bbox 1051 3388 1114 3462; x_wconf 88' lang='lat' dir='ltr'>sed</span> 
     </span>
     <span class='ocr_line' id='line_1_28' title="bbox 70 3497 1114 3603; baseline 0.01 -36"><span class='ocrx_word' id='word_1_190' title='bbox 70 3521 114 3567; x_wconf 89' lang='lat' dir='ltr'>eo</span> <span class='ocrx_word' id='word_1_191' title='bbox 139 3497 283 3593; x_wconf 87' lang='lat' dir='ltr'>quode</span> <span class='ocrx_word' id='word_1_192' title='bbox 308 3497 550 3596; x_wconf 88' lang='lat' dir='ltr'>superioribus</span> <span class='ocrx_word' id='word_1_193' title='bbox 578 3500 739 3599; x_wconf 90' lang='lat' dir='ltr'>partibus</span> <span class='ocrx_word' id='word_1_194' title='bbox 765 3500 1010 3593; x_wconf 86' lang='lat' dir='ltr'>descenderet,</span> <span class='ocrx_word' id='word_1_195' title='bbox 1034 3504 1114 3603; x_wconf 90' lang='lat' dir='ltr'>ipso</span> 
     </span>
     <span class='ocr_line' id='line_1_29' title="bbox 69 3606 1113 3692; baseline 0.013 -14"><span class='ocrx_word' id='word_1_196' title='bbox 69 3606 241 3682; x_wconf 90' lang='lat' dir='ltr'>descensu</span> <span class='ocrx_word' id='word_1_197' title='bbox 269 3611 442 3685; x_wconf 90' lang='lat' dir='ltr'>sideream</span> <span class='ocrx_word' id='word_1_198' title='bbox 467 3613 534 3685; x_wconf 91' lang='lat' dir='ltr'>sibi</span> <span class='ocrx_word' id='word_1_199' title='bbox 552 3640 696 3688; x_wconf 91' lang='lat' dir='ltr'>carnem</span> <span class='ocrx_word' id='word_1_200' title='bbox 721 3630 758 3688; x_wconf 92' lang='lat' dir='ltr'>et</span> <span class='ocrx_word' id='word_1_201' title='bbox 781 3643 918 3689; x_wconf 87' lang='lat' dir='ltr'>aeream</span> <span class='ocrx_word' id='word_1_202' title='bbox 942 3631 1113 3692; x_wconf 87' lang='lat' dir='ltr'>contexu-</span> 
     </span>
     <span class='ocr_line' id='line_1_30' title="bbox 70 3722 1114 3831; baseline 0.011 -36"><span class='ocrx_word' id='word_1_203' title='bbox 70 3722 150 3814; x_wconf 90' lang='lat' dir='ltr'>isse,</span> <span class='ocrx_word' id='word_1_204' title='bbox 176 3724 275 3798; x_wconf 92' lang='lat' dir='ltr'>hunc</span> <span class='ocrx_word' id='word_1_205' title='bbox 297 3727 334 3798; x_wconf 91' lang='lat' dir='ltr'>in</span> <span class='ocrx_word' id='word_1_206' title='bbox 358 3728 614 3801; x_wconf 88' lang='lat' dir='ltr'>resurrectione</span> <span class='ocrx_word' id='word_1_207' title='bbox 643 3730 792 3830; x_wconf 87' lang='lat' dir='ltr'>singulis</span> <span class='ocrx_word' id='word_1_208' title='bbox 816 3732 1021 3831; x_wconf 91' lang='lat' dir='ltr'>quibusque</span> <span class='ocrx_word' id='word_1_209' title='bbox 1043 3735 1114 3807; x_wconf 81' lang='lat' dir='ltr'>eie-</span> 
     </span>
     <span class='ocr_line' id='line_1_31' title="bbox 70 3839 1161 3937; baseline 0.002 -27"><span class='ocrx_word' id='word_1_210' title='bbox 70 3839 213 3928; x_wconf 89' lang='lat' dir='ltr'>mentis,</span> <span class='ocrx_word' id='word_1_211' title='bbox 238 3866 320 3937; x_wconf 86' lang='lat' dir='ltr'>quae</span> <span class='ocrx_word' id='word_1_212' title='bbox 345 3841 383 3913; x_wconf 92' lang='lat' dir='ltr'>in</span> <span class='ocrx_word' id='word_1_213' title='bbox 408 3841 582 3916; x_wconf 89' lang='lat' dir='ltr'>descensu</span> <span class='ocrx_word' id='word_1_214' title='bbox 605 3869 672 3917; x_wconf 93' lang='lat' dir='ltr'>suo</span> <span class='ocrx_word' id='word_1_215' title='bbox 698 3855 863 3916; x_wconf 90' lang='lat' dir='ltr'>mutuata</span> <span class='ocrx_word' id='word_1_216' title='bbox 887 3844 1049 3934; x_wconf 88' lang='lat' dir='ltr'>fuissent,</span> <span class='ocrx_word' id='word_1_217' title='bbox 1076 3844 1111 3917; x_wconf 91' lang='lat' dir='ltr'>in</span> <span class='ocrx_word' id='word_1_218' title='bbox 1123 3874 1161 3930; x_wconf 84' lang='lat'>30</span> 
     </span>
     <span class='ocr_line' id='line_1_32' title="bbox 69 3936 1113 4059; baseline 0.004 -31"><span class='ocrx_word' id='word_1_219' title='bbox 69 3982 218 4030; x_wconf 88' lang='lat' dir='ltr'>ascensu</span> <span class='ocrx_word' id='word_1_220' title='bbox 236 3955 442 4048; x_wconf 86' lang='lat' dir='ltr'>reddidisse,</span> <span class='ocrx_word' id='word_1_221' title='bbox 458 3972 496 4032; x_wconf 89' lang='lat' dir='ltr'>et</span> <span class='ocrx_word' id='word_1_222' title='bbox 512 3936 565 4033; x_wconf 76' lang='lat' dir='ltr'>sic</span> <span class='ocrx_word' id='word_1_223' title='bbox 581 3957 748 4057; x_wconf 89' lang='lat' dir='ltr'>dispersis</span> <span class='ocrx_word' id='word_1_224' title='bbox 765 3959 969 4058; x_wconf 88' lang='lat' dir='ltr'>quibusque</span> <span class='ocrx_word' id='word_1_225' title='bbox 986 3986 1113 4059; x_wconf 92' lang='lat' dir='ltr'>corpo-</span> 
     </span>
     <span class='ocr_line' id='line_1_33' title="bbox 67 4072 1111 4176; baseline 0.008 -32"><span class='ocrx_word' id='word_1_226' title='bbox 67 4072 115 4145; x_wconf 89' lang='lat' dir='ltr'>ris</span> <span class='ocrx_word' id='word_1_227' title='bbox 133 4072 188 4146; x_wconf 92' lang='lat' dir='ltr'>sui</span> <span class='ocrx_word' id='word_1_228' title='bbox 206 4073 381 4173; x_wconf 89' lang='lat' dir='ltr'>partibus,</span> <span class='ocrx_word' id='word_1_229' title='bbox 393 4075 430 4146; x_wconf 91' lang='lat' dir='ltr'>in</span> <span class='ocrx_word' id='word_1_230' title='bbox 448 4075 542 4148; x_wconf 88' lang='lat' dir='ltr'>coelo</span> <span class='ocrx_word' id='word_1_231' title='bbox 559 4075 725 4176; x_wconf 92' lang='lat' dir='ltr'>spiritum</span> <span class='ocrx_word' id='word_1_232' title='bbox 743 4088 886 4151; x_wconf 90' lang='lat' dir='ltr'>tantum</span> <span class='ocrx_word' id='word_1_233' title='bbox 904 4078 1111 4152; x_wconf 88' lang='lat' dir='ltr'>reddidisse.</span> 
     </span>
     <span class='ocr_line' id='line_1_34' title="bbox 68 4187 1111 4292; baseline 0.007 -32"><span class='ocrx_word' id='word_1_234' title='bbox 68 4187 144 4261; x_wconf 88' lang='lat' dir='ltr'>Hic</span> <span class='ocrx_word' id='word_1_235' title='bbox 177 4188 292 4262; x_wconf 90' lang='lat' dir='ltr'>camis</span> <span class='ocrx_word' id='word_1_236' title='bbox 328 4190 622 4265; x_wconf 89' lang='lat' dir='ltr'>resurrectionem</span> <span class='ocrx_word' id='word_1_237' title='bbox 658 4205 788 4292; x_wconf 88' lang='lat' dir='ltr'>negat:</span> <span class='ocrx_word' id='word_1_238' title='bbox 827 4193 903 4266; x_wconf 91' lang='lat' dir='ltr'>solo</span> <span class='ocrx_word' id='word_1_239' title='bbox 932 4196 1047 4269; x_wconf 92' lang='lat' dir='ltr'>utitur</span> <span class='ocrx_word' id='word_1_240' title='bbox 1075 4208 1111 4270; x_wconf 91' lang='lat' dir='ltr'>et</span> 
     </span>
    </p>
   </div>
   <div class='ocr_carea' id='block_1_3' title="bbox 0 0 1344 4830">
    <p class='ocr_par' dir='ltr' id='par_1_3' title="bbox 0 0 1344 4830">
     <span class='ocr_line' id='line_1_35' title="bbox 0 0 1344 4830; baseline 0 2"><span class='ocrx_word' id='word_1_241' title='bbox 0 0 1344 4830; x_wconf 95' lang='lat' dir='ltr'> </span> 
     </span>
    </p>
   </div>
  </div>
 </body>
</html>
