2768 4844
198 307 263 369 820
534 305 910 372 ANNOTA'PIONES

199 478 327 541 Banuz.
376 477 414 539 ln
441 476 630 542 editionibus
656 475 774 556 multis,
797 500 870 565 quoe
898 476 1110 542 Baluzianam
1137 502 1265 566 preeee-

197 561 291 641 dunt,
305 563 401 627 verba
419 563 487 627 haec
507 564 595 628 uncis
611 563 731 628 inclusa
745 579 829 641 sunt,
845 587 949 650 neque
961 580 1192 652 agnoscuntur
1206 567 1263 632 tri-

197 649 257 713 bus
271 649 364 713 codd.
381 649 503 735 scriptia
521 651 604 715 Novi
621 649 771 737 Collegii;
795 665 905 715 extant
920 674 994 715 vero
1008 651 1040 715 in
1058 653 1176 717 codice
1193 655 1262 719 Te-

197 751 364 814 wnterano,
379 759 474 886 (ptem
491 752 527 801 ut
541 736 618 814 dixi,
633 735 721 800 libris
735 737 811 801 meis
825 737 944 801 addidi.

240 824 279 886 P.
293 840 366 907 259.
401 871 408 885 .
424 843 452 888 1.
475 825 534 887 Est
554 837 586 887 et
601 824 708 909 Venus
726 823 828 912 calva]
847 823 1035 889 Lactantius
1049 822 1108 888 lib.
1124 826 1157 890 Ι.
1173 827 1258 892 Die.

197 910 304 972 Instit.
319 932 388 995 cap.
402 929 455 974 20.
476 910 559 973 Urbe
573 932 594 972 a
610 911 713 974 Gallie
731 920 892 997 occupata,
907 912 1022 975 obsessi
1035 912 1075 972 in
1092 912 1260 998 Capitalia

196 997 347 1073 Romani,
358 1019 429 1059 cum
444 1017 483 1059 ee
498 996 665 1060 mulierum
675 1018 712 1059 ca
739 999 747 1012 ⁰
770 998 799 1060 ie
813 998 1143 1082 tornientafieiseent,
1157 999 1258 1063 mmm

202 1084 312 1145 Veneri
325 1083 423 1146 calce
436 1092 670 1147 consecrarant.
743 1105 804 1146 unc
817 1082 919 1147 locum
935 1096 1007 1170 post
1021 1083 1155 1147 Fellum
1171 1099 1258 1149 attu-

197 1167 233 1231 lit
248 1167 408 1232 Buluzius.
436 1170 565 1246 Verum,
581 1168 658 1233 dum
673 1167 780 1255 plures
793 1192 896 1233 causae
911 1169 1007 1255 hujus
1027 1169 1257 1256 appellationis

195 1254 237 1318 ab
251 1254 432 1318 auctoribus
446 1255 631 1332 afferuntur,
646 1255 688 1319 ob
703 1278 828 1320 causam
849 1255 986 1342 aliquam
1006 1254 1115 1320 minus
1136 1256 1253 1323 hones-

196 1355 260 1406 tam
274 1340 319 1405 ita
333 1356 474 1405 vocatam
488 1342 584 1406 fuisse
599 1344 763 1419 Venerem,
779 1342 828 1406 hic
842 1342 946 1406 innuit
961 1344 1011 1428 Cy
1035 1341 1160 1407 rianus.

240 1427 324 1492 Ibid.
343 1427 363 1490 l.
380 1448 430 1509 14.
452 1428 826 1515 faciant-auspicantur]
847 1428 987 1492 Pluralia
1007 1365 1076 1492 iiiuc
1095 1452 1160 1516 pro
1181 1430 1251 1494 vul·

194 1514 276 1600 gatis
281 1516 396 1598 faciat
410 1528 441 1578 et
461 1517 649 1602 accipientur
667 1515 773 1602 posuit
788 1515 926 1580 lacobus
941 1514 1126 1579 Gronovius
1142 1515 1251 1581 Cella·

195 1601 277 1664 rium
300 1615 436 1678 secutus,
456 1601 512 1686 qui
529 1603 738 1665 Veronensem
760 1600 897 1666 codicem
917 1601 949 1664 in
970 1624 1027 1664 sua
1048 1601 1129 1665 edit.
1154 1603 1252 1689 hujus

193 1685 290 1750 libelli
306 1687 451 1751 Minucio
466 1687 564 1752 Felici
577 1688 673 1766 affixi,
688 1688 836 1775 appellat.
881 1687 975 1751 Halae
985 1709 1070 1752 anno
1085 1690 1171 1774 1699
1183 1689 1252 1754 haec

196 1772 322 1836 Cellarii
337 1772 410 1836 edit.
427 1774 511 1860 typis
524 1775 672 1838 mandata
686 1789 743 1839 est.
790 1775 852 1839 Sed
872 1772 1035 1838 lectionem
1053 1773 1174 1840 codicis
1188 1778 1249 1840 Ve-

195 1857 333 1922 ronensis
347 1859 413 1945 jam
429 1875 502 1924 ante
516 1882 587 1924 cum
603 1860 697 1924 laude
711 1860 859 1925 attulerat
874 1860 1032 1947 Rigaltius
1046 1860 1080 1924 in
1097 1862 1196 1926 Notis
1209 1863 1252 1927 ad

196 1944 403 2032 Cyprianum.
439 1945 591 2009 Addendi
613 1948 702 2011 MSti
723 1948 808 2011 Novi
827 1946 960 2033 Collegii
976 1964 994 2012 2
1010 1961 1078 2032 et3
1095 1970 1251 2036 meusque

197 2033 432 2096 Tewateranus.
487 2032 612 2097 Retulit
629 2033 752 2098 interim
775 2032 970 2099 Mabillonus
990 2032 1022 2096 in
1042 2036 1172 2099 Itinere
1194 2059 1251 2100 suo
1312 2096 1317 2102 .

195 2119 308 2183 Italico
322 2142 355 2206 p.
368 2136 417 2203 23.
434 2118 533 2182 'istum
554 2118 692 2184 codicem
714 2121 921 2184 Veronensem
944 2120 1130 2207 majusculis
1153 2122 1250 2187 literis

194 2220 267 2269 ante
281 2228 378 2268 annos
393 2205 476 2270 mille
491 2205 641 2292 scriptum
656 2206 761 2270 fuisse.

241 2292 326 2357 Ibid.
343 2292 364 2355 l.
378 2310 429 2377 23.
452 2292 505 2356 sed
527 2306 690 2379 acceptum
711 2305 836 2379 tempus
857 2306 943 2356 certo
961 2292 1024 2355 fine
1043 2294 1245 2394 custodiunt]

195 2378 358 2456 Videlicet,
376 2393 500 2466 tempus
517 2379 719 2466 assignatum,
734 2380 796 2443 fine
815 2380 880 2443 lixo
897 2400 933 2442 ac
950 2377 1179 2461 determinato,
1194 2382 1250 2446 m'bt

195 2488 292 2552 regna
307 2467 452 2529 Romana
467 2465 592 2530 habent.

239 2551 323 2615 Ibid.
339 2550 361 2614 l.
376 2569 428 2636 25.
452 2566 484 2615 et
503 2552 562 2615 sub
577 2551 694 2650 jugum
711 2552 824 2615 missus
846 2552 905 2635 est]
924 2558 954 2614 et
968 2552 1082 2614 nictus.
1121 2552 1251 2617 Addidi

194 2637 280 2702 istud
294 2661 334 2702 ex
348 2635 430 2702 libro
446 2639 597 2702 Fuxensl.
635 2638 808 2702 Audaciam
829 2636 921 2700 istam
940 2635 1018 2700 mihi
1037 2636 1113 2701 fecit
1138 2639 1252 2703 Minu-

193 2724 272 2802 cius,
293 2723 380 2811 apud
401 2747 496 2811 quem
518 2724 563 2788 ita
582 2725 716 2811 legitur:
739 2725 917 2788 Mancinus
936 2724 1118 2811 relig-iarun
1133 2729 1251 2804 tenuit

194 2820 224 2875 et
238 2812 296 2875 ereb
310 2812 444 2909 nysam
464 2813 579 2874 missus
594 2820 684 2875 estet
696 2811 830 2875 deditus.
878 2810 943 2872 Pro
964 2810 1110 2896 eoquod
1133 2812 1250 2876 Minu·

194 2896 262 2960 cius
281 2897 362 2960 dixit
375 2897 500 2960 deditus
520 2896 599 2960 liber
621 2897 779 2960 Fuxensis
797 2895 893 2960 habet
908 2898 1019 2960 victua
1051 2897 1249 2965 Banuztus.

196 2983 300 3047 Verba
319 2981 385 3046 haec
404 3004 443 3045 ne
465 2981 538 3061 lexi,
554 3006 626 3069 quae
646 2983 712 3047 sine
732 2983 845 3048 idonea
858 3005 952 3046 causa
966 3004 1005 3045 ex
1025 2982 1179 3048 Minucio
1193 2985 1250 3049 ad·

193 3069 261 3134 dita
275 3080 349 3133 sunt
362 3091 383 3131 a
397 3006 546 3143 Baiuzim
569 3069 624 3133 sed
638 3068 756 3133 interea
769 3083 884 3156 praeter
898 3069 966 3154 ejus
980 3082 1116 3132 mentem
1132 3070 1169 3134 in
1185 3071 1252 3136 adi-

194 3155 278 3220 tione
293 3155 346 3219 illa
360 3169 506 3243 postuma
519 3170 590 3243 post
604 3178 694 3220 voces
709 3167 739 3221 et
752 3165 864 3242 captus
877 3165 924 3219 est
936 3155 1045 3218 locata.

239 3243 324 3308 Ibid.
342 3241 363 3305 l.
381 3262 431 3327 29.
455 3255 487 3306 et
508 3266 546 3306 eo
566 3242 688 3307 facilius
707 3257 739 3307 et
761 3241 920 3328 navigavit
938 3254 971 3305 et
991 3240 1080 3325 vicit]
1101 3242 1252 3307 Particu-

194 3329 301 3395 lamet
320 3329 353 3392 in
375 3328 545 3394 Oxoniensi
565 3329 695 3416 aliisque
715 3329 804 3394 editt.
821 3327 950 3393 vocibus
964 3328 1153 3413 eofaeilius
1169 3352 1252 3415 prae·

194 3416 290 3480 lixam
315 3415 458 3495 restitui5
484 3417 593 3480 eadem
620 3440 694 3480 vero
716 3414 870 3503 particula
894 3426 967 3478 aute
988 3413 1121 3477 verbum
1147 3418 1250 3480 reani-

189 3505 288 3588 gavit
300 3501 333 3564 in
347 3501 457 3565 iisdem
471 3501 559 3566 libris
573 3503 685 3568 omissa
699 3516 755 3567 est.
781 3504 930 3588 Utroque
942 3500 1011 3564 loco
1023 3523 1093 3564 eam
1109 3501 1251 3566 servavit

194 3587 294 3651 codex
309 3587 394 3651 Novi
407 3588 551 3674 Collegii,
563 3613 659 3676 quem
674 3588 801 3652 nomino
814 3586 995 3651 secundum.

239 3675 278 3738 P.
295 3676 367 3740 260.
391 3674 412 3737 l.
430 3689 460 3757 7.
484 3677 658 3762 Hostanes]
683 3675 805 3738 Plinius
829 3674 884 3738 lib.
901 3673 1025 3736 XXX.
1044 3673 1136 3736 Hist.
1162 3674 1249 3739 Nat.

195 3781 263 3847 cap.
281 3780 311 3827 e.
327 3762 471 3838 Primus,
486 3760 569 3847 quod
582 3769 674 3837 estet,
689 3770 726 3824 ut
745 3762 884 3847 equidem
902 3762 1039 3836 inuenio,
1054 3770 1250 3825 commenta·

194 3856 246 3911 tus
257 3848 295 3910 de
305 3869 342 3911 ea
355 3847 486 3933 (magia)
502 3845 671 3919 Osthanes;
689 3849 731 3909 X
727 3868 834 3910 erarem
846 3867 954 3932 regern
964 3846 1142 3908 Persarum
1157 3848 1249 3925 hedo,

193 3935 277 4021 quod
296 3936 326 3998 is
350 3933 482 3998 Gracia
502 3931 623 4008 intulit,
646 3935 831 3997 cernitatus:
853 3954 891 3996 ac
912 3933 997 3995 uelut
1016 3932 1140 3994 semina
1162 3936 1251 3998 artis

192 4030 382 4105 portentose
395 4019 563 4103 sparsisse,
577 4019 675 4082 obiter
690 4021 805 4105 affecto
823 4038 1007 4105 quacunque
1024 4022 1251 4085 cmnmeaverit

194 4109 322 4170 mundo.
358 4103 589 4190 Diligentiores
607 4106 705 4190 paul)
718 4115 792 4169 ante
805 4106 888 4168 imm
899 4111 1024 4191 ponunt
1041 4104 1251 4171 Zoroastrem

194 4193 294 4255 alium
309 4189 597 4253 Proconnensium:
678 4191 700 4254 d
717 4201 835 4256 certum
849 4199 907 4269 est,
921 4191 971 4253 tte
986 4191 1112 4253 nomine
1129 4192 1252 4257 Ostia·

194 4298 250 4342 nes
267 4278 311 4342 ad
329 4276 459 4355 rabiem,
474 4298 538 4341 non
557 4277 612 4341 ani
634 4279 741 4342 itatem
761 4278 850 4343 niodo
863 4277 1004 4342 enuntia
1017 4277 1099 4362 rpus,
1117 4278 1251 4345 Graea-
