2678 4830
364 304 397 367 S.
414 303 596 366 IRENAEI
619 303 687 366 AD
710 303 975 369 FLORINUM.
1147 308 1190 370 38

150 477 209 555 καὶ
237 473 331 555 κατὰ
357 475 400 555 τὸ
429 474 580 576 σύνηθες
609 476 704 583 αὐτῷ
731 475 850 556 εἰπών·
880 473 909 555 ὦ
936 476 1024 557 καλὲ
1045 476 1116 557 Θεέ
1142 485 1190 562 εἰς

150 604 243 688 οἵους
269 639 314 703 με
342 601 481 708 καιροὺς
510 601 716 707 τετήρηκας,
747 604 805 683 ἵνα
833 603 967 685 τούτων
997 606 1186 710 ἀνέχωμαι·

437 728 589 762 xt!
687 728 762 761 ’9

150 731 322 840 πεφεύγοι
336 729 380 810 ἂν
393 766 451 811 και
468 765 530 810 τον
548 765 659 811 τοπον
677 766 715 810 εν
733 767 762 839 ην
781 729 1044 834 καθεῷμενοςῆ
1061 732 1188 832 ἑστὼς,

151 869 224 942 τῶν
247 859 415 941 τοιούτων
438 856 576 960 ἀκηκόει
601 857 734 962 λόγων.
786 865 858 940 Καὶ
883 865 920 941 ἐκ
945 869 1017 941 τῶν
1042 865 1189 942 ἐπιστο-

123 997 229 1070 5λῶν
247 987 285 1069 δὲ
303 990 410 1069 αὐτοῦ
427 984 477 1067 ὧν
495 987 696 1068 ἐπέστειλεν
713 987 791 1086 ἤτοι
803 996 880 1073 τοῖς
892 990 1113 1089 γειτνιώσαις
1130 993 1189 1071 ἐκ·

152 1119 319 1218 κλησίοις
338 1113 570 1218 ἐπιστηρίζων
582 1113 701 1213 αὐτὰς,
716 1113 740 1214 ἢ
758 1123 830 1195 τῶν
848 1120 1016 1224 ἀδελφῶν
1029 1125 1103 1197 τισὶ
1115 1154 1193 1200 νον-

153 1253 266 1327 θετῶν
287 1243 416 1328 αὐτοὺς
445 1245 505 1322 καὶ
528 1239 825 1347 προτρεπόμενος,
856 1243 1001 1325 δύναται
1028 1251 1191 1352 φονεριο-

155 1378 270 1473 θῆναι.
313 1375 396 1475 (vid.
411 1377 540 1477 notam.)

154 1591 225 1638 nuo,
248 1583 278 1636 et
298 1569 440 1629 obturatis
460 1569 577 1626 auribus
598 1569 656 1626 suis
696 1569 844 1628 audiisset.
886 1568 945 1626 Sed
964 1581 994 1627 et
1012 1588 1047 1627 ex
1068 1571 1197 1646 epistolis

155 1652 302 1711 dicturum
315 1652 413 1718 fuisse,
424 1661 511 1727 prout
524 1650 580 1726 ipsi
593 1669 655 1707 mo·
696 1651 772 1707 illius
780 1650 809 1708 id
817 1650 927 1726 liquido
937 1653 1119 1726 comprobari
1129 1665 1195 1728 pot-

154 1734 194 1792 ris
214 1746 294 1801 erat3
316 1734 396 1791 Deus
416 1731 503 1797 bone,
524 1751 588 1806 quae
609 1749 656 1788 me
697 1742 751 1796 est,
767 1750 839 1806 quas
852 1732 901 1789 ille
914 1732 1020 1807 partim
1034 1732 1071 1789 ed
1084 1734 1196 1791 vicinas

155 1815 187 1873 in
207 1827 341 1891 tempora
360 1813 524 1878 reservasti,
541 1823 575 1869 ut
594 1812 656 1869 haec
698 1813 844 1879 ecclesias,
869 1824 903 1870 ut
927 1832 976 1870 eas
1000 1815 1194 1880 confirmaret,

155 1897 344 1954 sustinerem!
360 1897 458 1972 Atque
469 1913 503 1953 ex
513 1894 579 1951 loco
593 1894 656 1969 ipso
696 1895 803 1968 partim
824 1893 861 1952 ed
886 1895 1026 1971 quosdam
1048 1914 1083 1952 ex
1100 1895 1195 1952 fratri-

156 1977 366 2056 eufugitumm,
381 1977 413 2034 in
427 1996 485 2053 quo
500 1992 551 2031 seu
565 1986 654 2040 stans,
697 1975 751 2032 bus
764 1975 852 2041 misit,
863 1976 1024 2034 admonens
1032 1976 1098 2035 flios
1108 1988 1196 2053 atque

156 2077 208 2116 seu
219 2059 336 2126 sedens,
352 2057 493 2136 ejusmodi
507 2074 656 2115 sermones
696 2056 860 2115 exhortans.
