2678 4830
92 312 156 376 154
445 308 786 374 TERTULLIANI

92 482 190 556 nulla
206 493 272 570 est,
286 480 415 555 merito
427 494 465 555 et
481 481 562 555 talis
580 477 772 580 disciplina
784 494 851 554 est.
877 480 930 553 At
948 481 1010 555 ubi
1028 481 1146 575 Deus,

92 597 142 671 ibi
161 608 278 669 metus
296 597 333 669 in
351 596 489 688 Deum,
507 596 570 695 qui
588 608 644 669 est
660 594 807 669 initium
826 595 1022 696 sapientire.
1066 597 1145 674 Ubi

92 727 211 788 metus
237 714 273 786 in
298 714 434 803 Deum,
452 714 501 787 ibi
526 712 681 812 gravitas
708 711 870 803 honesta,
892 727 929 787 et
953 712 1145 815 diligentia

91 831 265 922 adtonita,
286 844 323 905 et
348 857 433 905 cura
459 830 624 921 sollicita,
646 843 683 904 et
708 828 862 904 adlectio
887 833 1086 931 explorata,
1107 846 1145 907 et

90 947 375 1022 communicatio
401 947 607 1036 deliberata,
634 958 671 1018 et
701 947 883 1046 promotio
912 949 1075 1039 emerita,
1107 963 1169 1034 ets

90 1065 267 1162 subjectio
290 1063 467 1162 religiosa,
485 1077 521 1137 et
542 1063 719 1163 apparitio
743 1064 884 1153 devota,
902 1078 939 1139 et
960 1067 1143 1165 processio

92 1181 268 1270 modesta,
285 1196 321 1254 et
339 1179 490 1254 ecclesia
506 1179 620 1269 nnita,
637 1194 673 1253 et
691 1180 762 1253 Dei
781 1181 916 1254 omnia.

39 1350 46 1366 .
141 1298 295 1372 Proinde
313 1299 391 1372 haec
408 1296 591 1398 pressioris
609 1295 705 1396 apud
723 1323 789 1370 nos
807 1296 1013 1371 testimonia
1032 1295 1144 1372 disci-

47 1416 54 1431 '
90 1415 199 1515 plinoe
217 1414 259 1487 ad
280 1414 530 1513 probationem
549 1412 708 1487 veritatis
726 1411 925 1488 accedunt:
952 1440 1063 1512 aqua
1079 1413 1144 1487 de-

88 1545 225 1604 vertere
247 1529 385 1603 nemini
409 1529 567 1630 expedit,
590 1529 652 1626 qui
680 1529 887 1602 meminerit
909 1529 1018 1602 futuri
1040 1529 1191 1626 judi-10

89 1647 148 1734 cii,
166 1672 239 1743 quo
256 1671 381 1717 omnes
399 1671 464 1717 nos
484 1673 628 1720 necesse
641 1658 696 1719 est
711 1644 807 1744 apud
826 1644 962 1718 Christi
980 1646 1142 1720 tribunal

89 1877 189 1963 Quid
216 1904 302 1977 ergo
328 1876 460 1966 dicent,
484 1877 546 1975 qui
571 1879 670 1951 illam
696 1878 937 1980 stupraverint
963 1876 1141 1953 adulterio

90 1995 259 2068 haeretico
276 1994 457 2093 virginem
475 1995 642 2069 traditam
663 2023 684 2069 a
701 1995 870 2070 Christo?
909 1995 1028 2068 Credo
1052 1995 1141 2069 alle-

89 2113 239 2210 gabunt,
256 2111 349 2184 nihil
375 2138 535 2210 unquam
563 2112 630 2185 sibi
659 2114 705 2184 ab
730 2112 794 2185 illo
817 2112 872 2185 vel
897 2113 943 2185 ab
966 2112 1138 2211 apostolis
1152 2141 1184 2202 15

89 2228 178 2326 ejus,
199 2226 243 2301 de
266 2228 366 2300 saevis
385 2224 483 2327 (for.
496 2227 796 2325 scavis-Iunius)
810 2242 846 2301 et
863 2226 1035 2327 perversis
1053 2226 1140 2300 doc-

90 2345 192 2418 trinis
215 2344 344 2418 futuris
368 2344 661 2445 praenuntiatum,
681 2342 782 2418 etde
806 2343 972 2418 cavendis
998 2343 1140 2416 abomi-

89 2460 290 2559 nandisque
308 2475 540 2560 praeceptum.
577 2461 788 2559 Agnoscunt
805 2486 905 2533 suam
924 2458 1044 2558 potius
1062 2458 1139 2532 cul-

88 2604 187 2677 pam,
214 2604 323 2676 quam
355 2577 499 2652 illorum
526 2578 588 2675 qui
615 2604 681 2649 nos
706 2588 808 2648 tanto
834 2588 918 2648 ante
943 2589 1137 2675 proestrux-

88 2707 204 2768 erunt.
255 2693 439 2790 Adjicient
460 2706 629 2793 praeterea
648 2692 762 2766 multa
779 2696 825 2765 de
843 2693 1054 2766 auctoritate
1073 2721 1136 2767 cu·
1149 2730 1185 2770 20

80 2810 213 2908 jusque
230 2808 386 2882 doctoris
405 2810 574 2900 haretici,
593 2811 673 2883 illos
692 2808 852 2882 maxime
870 2809 1043 2883 doctrinae
1059 2837 1136 2884 suae

86 2926 195 2999 fidem
226 2928 469 3015 confirmasse,
497 2942 658 3000 mortuos
686 2925 886 3016 suscitasse,
913 2926 1050 2999 debiles
1081 2952 1136 3002 re-

85 3040 269 3131 formasse,
286 3040 406 3114 futura
425 3041 655 3140 significasse,
671 3042 722 3115 uti
742 3043 871 3115 merito
889 3041 1041 3141 apostoli
1058 3069 1135 3116 cre-

8 3181 75 3232 xxiv.
86 3158 264 3233 derentur.
330 3159 441 3242 Quasi
473 3185 540 3232 nec
572 3158 642 3231 hoc
672 3158 846 3259 scriptum
877 3157 934 3248 sit,
964 3145 1134 3236 venturos

85 3277 231 3368 multos,
248 3276 311 3376 qui
328 3276 439 3351 etiam
458 3275 605 3349 virtutes
629 3275 807 3349 maximas
828 3274 987 3363 ederent,
1007 3274 1051 3349 ad
1068 3275 1133 3349 sal·
1146 3311 1181 3375 25

85 3394 214 3467 laciam
232 3392 466 3467 muniendam
485 3405 663 3492 corruptae
678 3390 952 3490 praedicationis.
1004 3393 1134 3491 Itaque

84 3510 227 3582 veniam
252 3511 509 3582 merebuntur:
535 3508 598 3605 qui
616 3535 699 3582 vero
717 3534 894 3581 memores
919 3509 1132 3583 Dominica-

84 3651 165 3697 rum
197 3636 234 3696 et
263 3624 539 3724 apostolicarum
567 3624 888 3698 denunciationum
914 3628 953 3698 in
980 3626 1052 3699 fide
1077 3626 1134 3699 in-

84 3740 175 3839 tegri
198 3741 373 3829 steterint,
400 3740 506 3813 credo
536 3740 581 3813 de
610 3741 713 3814 venia
743 3741 1053 3840 periclitabuntur,
1079 3770 1134 3816 re-

0 3897 2 3913 ·
25 3891 45 3923 r.
84 3856 284 3956 spondente
302 3857 488 3930 Domino:
520 3857 850 3931 Praenuntiaveram
869 3858 975 3958 plane
991 3857 1181 3956 lutur0s30

83 3970 232 4046 fallaciae
257 3970 444 4069 magistros
468 3971 504 4045 in
529 3998 612 4044 meo
636 3973 794 4062 nomine,
811 3987 848 4047 et
869 3973 1132 4073 prophetarum

83 4103 120 4163 et
145 4090 388 4191 apostolorum
415 4089 522 4162 etiarn
536 4119 546 4174 ;
573 4102 610 4161 et
635 4089 856 4163 discentibus
883 4090 974 4163 meis
1002 4089 1129 4165 eadem

84 4204 209 4280 advos
232 4206 425 4305 praedicare
451 4205 730 4294 mandaveram
757 4208 868 4281 semel
892 4207 1131 4307 evangelium,
