2678 4830
362 325 426 390 DE
450 325 853 393 PRAESCRIPTIONE
875 327 1001 391 HAER.
1142 330 1206 396 lat

158 525 226 570 nec
243 499 440 595 quaesisses,
459 498 527 570 nisi
545 510 588 570 ut
605 498 791 571 invenires.
841 498 900 570 Ad
919 498 988 571 boc
1006 525 1090 598 ergo
1108 526 1205 596 quae-

158 614 204 686 ris
225 628 264 686 ut
281 614 453 702 invenias,
467 624 503 686 et
521 613 566 686 ad
584 613 653 686 hoc
672 614 809 686 invenis
827 627 869 686 ut
884 614 1016 687 credas.
1044 615 1203 689 Omnem

158 729 395 829 prolationem
423 729 604 803 ouaerendi
632 744 669 803 et
700 730 905 803 inveniendi
933 731 1110 805 credendo
1136 735 1211 805 fix·-

158 847 226 919 isti.
280 847 394 920 Hunc
420 847 486 919 tibi
514 846 662 920 modum
690 847 816 921 statuit
841 847 980 920 fructus
1006 848 1083 948 ipse
1108 875 1205 945 quae-

129 962 270 1051 5rendi.
323 962 433 1036 Hanc
458 963 525 1035 tibi
548 963 679 1036 fossam
704 962 960 1038 determinavit
985 964 1061 1063 ipse
1083 964 1144 1062 qui
1169 978 1208 1037 tc

157 1108 230 1154 non
252 1081 332 1154 vult
357 1079 453 1153 aliud
480 1079 633 1169 credere,
653 1106 762 1177 quarn
791 1080 889 1178 quod
915 1079 1084 1168 instituit,
1107 1079 1211 1152 ideo-

157 1225 227 1295 que
244 1224 312 1270 nec
331 1223 498 1293 quaerere.
551 1195 734 1286 Ceterum,
752 1197 780 1269 si
798 1196 883 1294 quia
901 1209 936 1270 et
954 1197 1024 1270 alia
1040 1208 1140 1269 tanta
1157 1197 1204 1268 ab

158 1314 235 1387 aliis
266 1327 352 1385 sunt
381 1312 555 1402 instituta,
583 1326 770 1413 propterea
802 1314 838 1385 in
873 1327 1016 1387 tantum
1046 1337 1205 1411 quaerere

156 1430 343 1519 debemus,
368 1429 406 1501 in
432 1443 610 1526 quantum
637 1457 828 1528 possumus
855 1430 1035 1514 invenire3
1062 1454 1206 1527 semper

113 1573 370 1644 10quaeremus,
398 1559 435 1619 et
463 1573 665 1644 numquam
695 1546 845 1621 omnino
875 1545 1073 1619 credemus.
1125 1542 1202 1617 Ubi

156 1662 254 1735 enim
278 1663 346 1734 erit
369 1662 451 1736 finis
472 1661 678 1760 quaerendi?
708 1662 770 1734 ubi
798 1662 905 1735 statio
927 1660 1114 1736 credendi?
1140 1658 1202 1734 ubi

157 1779 354 1878 expunctio
384 1778 612 1852 inveniendi?
647 1778 758 1878 Apud
788 1777 1038 1852 Marcionem?
1073 1775 1136 1850 sed
1166 1789 1203 1849 et

156 1896 370 1969 Valentinus
396 1895 577 1994 proponit,
598 1896 773 1984 Quaerite,
794 1905 830 1968 et
851 1895 1051 1968 invenietis.
1091 1894 1202 1992 Apud

157 2012 416 2087 Valentinum?
440 2011 501 2084 sed
520 2024 557 2083 et
573 2011 721 2111 Apelles
739 2010 808 2084 hac
825 2038 885 2084 me
903 2010 1202 2109 pronunciatione

114 2128 338 2228 15pulsabit:
367 2140 404 2200 et
431 2128 592 2219 Hebion,
622 2141 659 2200 et
688 2127 828 2213 Simon,
858 2140 894 2200 et
923 2154 1050 2201 omnes
1076 2127 1202 2199 ordine

157 2272 230 2319 non
249 2245 385 2318 babent
402 2243 511 2334 aliud,
528 2271 601 2341 quo
624 2271 662 2316 se
689 2244 779 2317 mihi
806 2244 1038 2331 insinuantes
1057 2270 1116 2315 me
1133 2243 1202 2315 sibi

158 2361 336 2434 addicant.
378 2360 452 2432 Ero
480 2361 602 2457 itaque
628 2386 819 2458 nusquam,
844 2359 930 2433 dum
959 2359 1093 2455 ubique
1118 2385 1204 2430 eon-

158 2477 274 2564 venio,
291 2477 465 2562 Quurite,
485 2487 521 2550 et
537 2476 744 2550 invenietis:
763 2489 801 2549 et
816 2475 928 2549 velint
946 2472 1044 2574 (for.
1064 2475 1134 2573 vel)
1153 2475 1204 2548 sic

157 2620 347 2691 nusquam,
363 2592 465 2692 quasi
483 2593 545 2690 qui
569 2618 753 2689 nunquam
779 2589 1078 2691 apprehenderim
1102 2589 1204 2677 illud,

112 2709 254 2808 20quod
279 2710 446 2783 Christus
474 2709 640 2798 instituit,
666 2709 764 2808 quod
793 2709 901 2807 quaeri
929 2720 1082 2807 oportet,
1106 2707 1202 2804 quod

157 2826 253 2901 credi
271 2853 416 2900 necesse
434 2839 498 2899 est.
762 2848 765 2852 ·

207 2944 365 3044 Impune
382 2956 529 3033 erratur,
546 2943 614 3015 nisi
632 2941 882 3040 delinquatur;
908 2940 1073 3040 quamvis
1090 2967 1204 3014 enare
1248 2968 1331 3017 cnr.

158 3059 364 3157 delinquere
387 3074 462 3144 est;
488 3061 651 3158 impune,
668 3059 828 3157 inquam,
847 3071 1008 3155 vagatur,
1026 3057 1088 3154 qui
1113 3057 1204 3131 nibil
1266 3034 1314 3082 XL

158 3177 298 3250 deserit.
348 3178 399 3250 At
416 3178 513 3250 enirn
539 3177 568 3249 si
592 3175 690 3276 quod
707 3174 817 3248 debui
835 3173 988 3259 credere,
1006 3174 1151 3262 credidi,
1168 3188 1207 3248 et

113 3319 146 3379 25
160 3292 256 3366 aliud
274 3294 392 3367 denuo
409 3307 499 3394 puto
517 3292 783 3391 requirendum,
799 3317 903 3391 spero
921 3290 1045 3389 utique
1058 3302 1095 3362 et
1108 3289 1205 3362 aliud

158 3438 235 3484 esse
265 3411 547 3485 inveniendum:
588 3411 688 3483 nullo
722 3408 831 3482 modo
863 3420 1067 3506 speraturus
1097 3404 1207 3495 istud,

159 3527 226 3600 nisi
245 3527 329 3625 quia
348 3541 498 3601 autnon
518 3526 739 3600 credideram
758 3525 820 3622 qui
838 3523 984 3598 videbar
1002 3522 1206 3612 credidisse,

159 3658 221 3718 aut
255 3644 342 3717 desii
377 3642 579 3716 credidisse.
640 3643 698 3715 Ita
727 3642 838 3714 fidem
873 3667 992 3715 meam
1027 3640 1205 3727 deserenS,

158 3774 306 3860 negator
340 3760 512 3832 invenior.
571 3760 691 3832 Semel
726 3759 891 3847 dixerim,
923 3786 1032 3831 nemo
1066 3757 1206 3856 quaerit,

111 3909 149 3964 30
159 3877 227 3949 nisi
252 3877 312 3973 qui
341 3889 403 3948 aut
429 3901 502 3947 non
527 3875 665 3964 babuit,
692 3888 754 3948 aut
778 3874 945 3975 perdidit.
998 3874 1327 3947 Perdiderathuuxv·

159 4019 267 4065 unam
295 4018 340 4064 ex
367 3991 491 4064 decem
519 3991 699 4064 drachmis
727 4018 814 4064 anus
836 3990 910 4079 illa,
936 4004 973 4063 et
998 3990 1079 4063 ideo
1105 4014 1204 4085 quae-

158 4111 281 4183 rebat:
309 4109 371 4181 ubi
395 4124 518 4182 tamen
545 4109 692 4195 invenit,
718 4135 874 4205 quaerere
900 4107 1017 4180 desiit.
1067 4107 1317 4178 Panemumr.

159 4225 296 4298 vicinus
321 4253 395 4297 non
417 4225 585 4314 habebat,
606 4238 643 4297 et
669 4224 749 4296 ideo
775 4224 962 4322 pulsabat:
992 4221 1054 4295 ubi
1080 4234 1203 4294 tamen
