2678 4830
402 628 960 743 FIRMILIANUS.

540 911 819 958 ...αφ-...-

289 1110 404 1183 Gon.
422 1109 580 1196 Currus
598 1107 699 1182 Hiar.
718 1107 794 1182 Lu.
812 1110 881 1182 vol.
896 1111 927 1183 I.
946 1139 981 1210 p.
997 1125 1078 1186 123.

162 1244 567 1370 FIRMILIANUsr,
581 1284 634 1356 vir
651 1310 793 1380 genere,
806 1284 952 1383 pietate,
963 1298 1071 1382 atque
1089 1284 1206 1357 erudi-

159 1401 257 1472 tione
280 1401 438 1491 illustris,
456 1403 548 1474 circa
571 1428 627 1473 an.
647 1413 731 1474 233.
750 1399 922 1473 Caesareae
945 1400 1205 1500 Cappadocum

160 1515 350 1614 episcopus
373 1518 488 1590 faetus
512 1532 576 1590 est.
628 1517 751 1588 Multa
775 1516 806 1588 ei
832 1540 916 1588 cum
940 1516 1099 1614 Origene
1119 1530 1207 1590 tunc

160 1631 312 1704 docendi
336 1659 485 1705 munere
503 1633 675 1705 Caesareae
698 1631 734 1703 in
761 1631 941 1704 Palestina
964 1631 1138 1729 fungente
1155 1633 1207 1704 fa-

161 1747 346 1820 miliaritas
370 1749 582 1837 intercessit,
600 1749 714 1821 immo
732 1760 805 1819 tam
826 1772 1006 1845 propenso
1023 1773 1106 1845 erga
1124 1749 1208 1820 Ori-

161 1889 291 1961 genem
316 1864 437 1936 animo
459 1865 540 1952 fuit,
557 1877 600 1937 ut
627 1865 735 1938 modo
757 1867 859 1938 illurn
885 1865 922 1938 in
946 1892 1047 1938 suam
1063 1867 1208 1964 provin-

161 1981 255 2053 ciam
282 1980 326 2054 ad
353 1981 584 2054 ecclesiarum
610 1980 803 2054 utilitatem
831 1995 1005 2070 evocaret,
1028 1981 1137 2053 modo
1163 1981 1208 2054 ad

161 2097 282 2195 ipsum
303 2096 492 2169 visendum
515 2096 685 2169 Judaeam
710 2123 824 2194 usque
849 2098 1146 2195 proficisceretur,
1172 2110 1209 2170 et

161 2239 244 2285 cum
264 2239 307 2284 eo
325 2211 547 2308 aliquamdiu
577 2225 747 2298 maneret,
765 2225 807 2284 ut
826 2212 998 2308 majorem
1017 2238 1134 2284 rerum
1154 2212 1210 2284 di-

160 2329 326 2400 vinarum
360 2327 602 2424 cognitionem
640 2328 838 2426 perciperet
869 2327 1019 2418 (Euseb.
1050 2327 1113 2400 lib.
1141 2328 1208 2400 VI.

163 2472 194 2516 c.
210 2442 268 2516 26.
280 2448 354 2539 27.)
397 2441 506 2514 Tanti
532 2443 577 2513 ab
603 2442 771 2514 omnibus
799 2443 945 2514 habitus
972 2455 1037 2530 est,
1063 2457 1104 2515 ut
1129 2463 1209 2540 gra2

163 2559 320 2631 vioribus
339 2557 498 2630 ecclesioe
520 2556 674 2654 negotiis
698 2584 741 2629 eo
764 2570 927 2656 tempore
951 2557 1093 2655 agitatis
1117 2585 1210 2630 sem-

162 2703 228 2776 per
253 2673 464 2747 interfuerit.
520 2673 678 2771 Magnas
709 2698 791 2745 curn
824 2673 1011 2772 Stephano
1042 2674 1210 2747 Romano
1238 2714 1241 2718 2

163 2792 335 2891 pontifice
353 2792 400 2863 ob
418 2790 551 2888 dogma
571 2790 616 2862 de
641 2789 835 2862 Haereticis
860 2791 1143 2891 Rebaptizandis
1166 2792 1210 2863 li·
1337 2808 1338 2811 ’

163 2923 217 2981 tes
248 2907 418 2980 exercuit.
471 2907 605 2980 Coacta
632 2907 730 2979 enim
761 2905 1014 3005 episcoporum
1045 2907 1209 2994 Galatiae,
1307 2957 1314 2974 .

164 3025 343 3124 Phrygiae,
356 3023 504 3112 Ciliciae,
522 3037 557 3096 et
575 3023 819 3121 proximarum
839 3023 1104 3121 provinciarum
1123 3051 1209 3122 syn·
1239 3069 1241 3073 ·

165 3143 235 3215 odo
264 3140 458 3226 Iconiensi,
485 3138 657 3238 Cypriani
687 3139 904 3211 sententiam
935 3139 1122 3211 haereticos
1148 3139 1209 3212 de·

164 3286 238 3332 nuo
264 3284 340 3330 esse
366 3254 640 3354 rebaptizandos
671 3255 837 3328 adversus
867 3254 1092 3353 Stephanum
1125 3282 1209 3328 con-

165 3387 299 3449 stanter
321 3371 572 3445 contendentis
598 3369 843 3444 confirmavit:
869 3382 1057 3468 propterea
1084 3398 1104 3443 a
1130 3371 1210 3444 Ste-

164 3490 286 3588 phano
314 3489 409 3562 male
437 3487 592 3572 habitus,
614 3486 675 3583 qui
702 3497 809 3583 rupto
834 3485 934 3585 pacis
960 3487 1209 3562 ecclesiasticae

164 3609 309 3679 vinculo
326 3633 411 3679 eum
430 3606 475 3677 ab
492 3603 652 3676 ecclesiae
669 3627 742 3673 suae
765 3603 1021 3675 communione
1046 3605 1208 3678 abscidit.

165 3722 274 3793 Anno
293 3723 375 3794 265.
397 3719 536 3819 synodo
562 3717 788 3790 orientalium
810 3718 1016 3792 Antiochiae
1043 3720 1208 3794 adversus

166 3836 318 3908 Paulum
336 3837 611 3909 samosatenum
630 3833 788 3931 ejusdem
803 3835 901 3906 urbis
914 3835 1124 3935 episcopum
1144 3836 1209 3908 ha-

167 3953 250 4025 bitae
268 3952 441 4043 interfuit,
459 3967 495 4026 et
515 3978 647 4051 magna
663 3976 745 4048 pars
763 3963 859 4034 erat;
886 3951 921 4021 in
941 3977 1010 4048 qua
1028 3951 1207 4049 dogmatis

194 4219 209 4251 ὅ
224 4205 310 4266 Conf.
324 4207 492 4266 ‘fillemont
507 4209 633 4267 Memor.
648 4206 761 4265 Eccles.
774 4207 810 4266 ad
821 4207 883 4266 Vit.
895 4207 1053 4265 Firmilian.
1065 4207 1124 4265 vol.
1134 4207 1186 4265 IV.
