2678 4830
538 297 804 365 PRAEFATIO.
1171 303 1191 363 ”l

151 469 236 557 carpi
256 468 455 557 Epistolam3
479 481 511 533 et
526 493 600 534 cum
619 470 678 535 hoc
699 469 819 535 Schotti
835 469 949 558 scripto
962 470 1111 537 collatum
1123 496 1144 539 a
1157 495 1190 537 se

150 574 246 639 fuisse
263 572 345 639 illud
363 572 532 660 exemplar,
550 573 636 660 quod
656 573 731 638 olim
754 575 866 641 Romae
887 597 926 639 ex
945 575 1095 639 Turrieni
1116 599 1191 664 apo

151 677 271 765 grapho
288 675 473 740 Sirmondus
486 676 712 764 desumpserat,
728 691 859 742 testatur
873 678 1064 759 Halloixius‚
1074 704 1105 768 p.
1115 684 1190 766 596.

152 784 309 855 Notarum
327 780 360 843 in
375 781 466 867 Opus
481 803 581 844 suum.
627 783 727 845 Porro
741 804 813 845 cum
833 781 993 847 Schottani
1008 784 1193 872 exemplaris

125 884 370 973 §apographum
389 908 409 948 a
429 883 577 948 Salmasio
593 907 665 949 cum
683 886 791 949 Isaaco
805 885 914 949 Vossio
929 889 1191 953 communicatum

152 1002 244 1067 esset,
259 987 319 1050 boc
334 985 416 1050 idem
431 1009 526 1073 penes
543 986 708 1052 Usserium
729 986 866 1051 extitisse
883 988 1030 1054 discimus
1047 1015 1086 1054 ex
1103 991 1191 1055 initio

152 1106 300 1154 notarum
318 1089 415 1177 hujus
436 1089 604 1154 doctissimi
622 1088 763 1177 praesulis
777 1090 809 1155 in
830 1091 996 1179 Polycarpi
1015 1093 1191 1180 Epistolam

152 1217 218 1257 una
243 1217 315 1273 cum
343 1193 516 1280 Ignatianis
541 1193 657 1258 Oxonii
678 1217 760 1258 anno
784 1197 874 1276 1644.
899 1195 981 1282 typis
1002 1196 1190 1283 impressam.

153 1301 266 1384 Atque
284 1297 381 1362 alium
399 1311 550 1385 praeterea
568 1312 673 1362 extare
692 1296 860 1362 Florentia>
873 1298 1009 1362 codicem
1026 1300 1191 1365 Librorum

111 1423 146 1463 ιο
155 1403 257 1466 MSS.
269 1399 486 1465 Mediceorum
497 1401 667 1488 Catalogus
679 1400 893 1464 Bandinianus
902 1402 1047 1483 ostendit,
1056 1403 1111 1490 qui
1125 1406 1194 1492 qui-

154 1494 231 1570 dem
238 1507 360 1575 ,MStus
373 1504 413 1569 ab
427 1506 495 1592 ipso
510 1505 633 1570 Smitho
646 1505 679 1568 in
693 1504 814 1570 edendo
830 1505 1004 1594 Polycarpo
1014 1506 1126 1575 allatus
1136 1528 1193 1579 est.

154 1611 204 1672 At
216 1631 289 1672 vero
303 1607 387 1672 hunc
401 1621 523 1672 tantum
538 1632 603 1672 esse
617 1608 833 1695 apographum
847 1607 979 1695 alicujus
994 1612 1129 1676 Romani
1144 1639 1194 1679 co-

155 1709 245 1789 dicis,
257 1709 306 1774 vel
317 1709 468 1789 Vaticani,
479 1709 529 1774 vel
543 1710 626 1774 illius
641 1709 827 1790 Columnaei,
834 1734 929 1798 quem
944 1713 1193 1800 antiquissimum

156 1837 223 1878 esse
247 1813 342 1877 refert
368 1812 558 1892 Halloixius,
583 1813 698 1877 vulnus
722 1813 837 1878 indicat
862 1836 1026 1880 commune
1050 1818 1195 1883 omnibus

113 1947 145 2004 15
157 1916 324 2005 Polycarpi
343 1916 570 2004 manuscriptis
588 1917 676 2004 quod
697 1916 837 1981 Smithus
858 1941 953 2004 supra
972 1942 1194 1986 commemora·

157 2021 214 2085 vit.
258 2022 371 2109 Neque
390 2020 508 2084 interea
529 2019 607 2084 bber
627 2020 794 2085 Florentiae
814 2034 922 2086 extans
941 2020 1024 2086 idem
1039 2037 1085 2088 est
1100 2041 1195 2112 atque

157 2124 258 2189 codex
279 2122 407 2188 celebris
427 2124 612 2210 Ignatianus
631 2123 844 2203 Florentinus,
864 2124 928 2190 sive
948 2125 1124 2206 MediceuS,
1140 2128 1195 2214 qui

158 2226 288 2315 quidem
301 2228 376 2291 MS.
387 2226 472 2292 haud
483 2227 661 2293 continebat
672 2227 836 2315 Polycarpi
851 2229 1021 2315 epistolam.
1061 2230 1196 2294 Hiatum

160 2355 245 2409 vero,
261 2329 301 2395 de
314 2354 379 2418 quo
395 2330 564 2418 loquimur,
580 2331 705 2419 supplet
723 2332 838 2418 partim
858 2331 1013 2397 Eusebius
1031 2333 1062 2396 in
1085 2333 1196 2396 Histo-

113 2462 150 2500 20
160 2435 217 2512 ria,
231 2433 323 2522 plene
336 2458 412 2498 vero
426 2449 457 2498 et
470 2434 589 2522 integre
603 2449 694 2499 vetus
715 2434 883 2522 Polycarpi
901 2435 1114 2521 interpretatio
1129 2437 1197 2499 La·

162 2538 238 2617 tina,
260 2561 356 2625 quam
380 2536 507 2625 quidem
533 2561 693 2602 unacum
716 2537 861 2624 Dionysii
880 2537 1082 2624 Areopagitae
1103 2554 1198 2625 atque

162 2641 276 2730 lgnatii
298 2640 419 2728 scriptis
439 2641 559 2728 primus
581 2639 681 2705 edidit
702 2639 840 2706 Jacobus
865 2641 969 2704 Faber
996 2640 1199 2728 Stapulensis,

159 2768 244 2811 anno
268 2744 361 2830 1498.
384 2744 518 2809 Parisiis.
568 2744 607 2809 In
632 2744 745 2808 Graeco
770 2759 875 2807 autem
901 2742 1067 2831 Polycarpi
1092 2768 1198 2809 exem·

161 2847 253 2936 plari,
270 2846 355 2912 unde
373 2846 475 2911 caeteri
489 2846 609 2911 codices
631 2845 819 2934 profluxere,
835 2868 935 2909 unum
950 2859 980 2909 et
1002 2844 1135 2910 alterum
1149 2847 1199 2912 fo·

114 2970 149 3033 25
161 2951 252 3028 lium,
276 2950 450 3038 quaterni0,
476 2964 513 3013 ut
537 2950 632 3014 refert
657 2949 812 3029 Usserius,
833 2949 872 3014 ad
894 2949 1008 3014 calcem
1034 2949 1201 3038 Polycarpi

163 3055 327 3134 defuerat3
353 3077 393 3118 ex
416 3077 480 3139 quo
502 3054 621 3118 factum
642 3069 699 3132 est,
724 3068 761 3117 ut
785 3052 855 3117 linis
877 3053 973 3140 hujus
998 3052 1147 3140 epistolae,
1169 3068 1201 3117 et

163 3157 353 3247 principium
369 3156 506 3244 epistolae
523 3159 555 3221 S.
565 3156 730 3234 Bernaba,
741 3180 813 3221 cum
824 3156 1065 3243 conjungeretur
1080 3170 1200 3219 utrum-

166 3286 228 3347 que
246 3284 338 3348 opuS,
362 3259 581 3324 interciderint.
627 3262 737 3346 Atque
756 3282 821 3322 rem
842 3259 886 3322 ita
902 3259 1028 3335 habere,
1049 3258 1202 3321 versiones

166 3364 292 3429 Latinae
306 3377 424 3428 veteres
440 3363 604 3449 utriusque
623 3362 760 3449 epistolae
777 3361 897 3449 liquido
918 3361 1097 3425 ostendunt.
1141 3360 1201 3424 Ni-

115 3468 232 3551 30hilo
253 3482 357 3532 tamen
375 3465 488 3545 minus,
504 3465 651 3552 quoniam
672 3464 704 3528 in
727 3465 831 3529 codice
853 3465 947 3528 modo
968 3464 1051 3529 dicto
1074 3463 1204 3528 Floren-

167 3573 244 3650 tino,
267 3571 354 3635 nulla
373 3570 555 3657 interposita
574 3568 780 3645 distinctione,
796 3567 845 3631 vel
867 3568 1008 3632 adhibito
1026 3568 1152 3661 alterius
1168 3568 1205 3633 ti·
1319 3613 1324 3625 .

167 3676 226 3741 tuli
241 3674 425 3752 discrimine,
440 3673 622 3761 posteriora,
637 3672 765 3758 perinde
778 3695 814 3736 ac
828 3672 942 3758 priora,
958 3671 1133 3759 Polycarpo
1147 3672 1203 3736 tri-

167 3779 321 3860 buuntur,
336 3778 409 3843 hinc
428 3777 545 3842 factum
568 3793 625 3855 est,
641 3790 678 3840 ut
696 3789 798 3841 totum
812 3775 908 3854 istud,
924 3775 1119 3839 diversorum
1133 3775 1205 3840 licet

168 3896 343 3960 auctorum,
363 3880 454 3944 simul
469 3879 600 3945 ediderit
621 3880 654 3944 in
675 3882 779 3944 Variis
795 3881 906 3944 Sacris
926 3879 990 3943 suis
1013 3902 1095 3942 anno
1113 3878 1204 3962 1685.

119 4008 157 4071 35
168 3984 287 4072 publici
304 3984 387 4071 juris
409 3983 510 4062 factis,
532 3983 709 4070 Stephanus
731 3983 900 4070 Lemoyne,
921 3982 1009 4070 quasi
1031 4005 1070 4045 ex
1088 3980 1207 4045 ratione

169 4088 308 4176 quadam
326 4110 362 4151 ac
381 4099 465 4152 certo
484 4086 620 4168 consilio,
634 4102 671 4151 ut
690 4086 756 4174 ipse
773 4086 827 4165 ait,
846 4087 927 4151 idem
943 4086 1038 4150 fuerit
1056 4084 1207 4170 conjunc-

171 4206 250 4255 tum.
287 4193 388 4255 Porro
402 4189 510 4255 statuit
525 4189 555 4253 in
572 4189 804 4278 Prolegomenis
819 4189 882 4254 suis
896 4190 978 4253 idem
993 4188 1040 4252 vir
1052 4186 1208 4266 eruditus,

667 4314 719 4369 ¹³4
