2678 4830
386 299 675 363 Hunnrrcos
700 299 948 366 arsamus.
1119 270 1186 370 '161

141 466 272 567 fuisset:
298 469 452 543 salutem
471 471 586 543 carnis
604 471 814 570 sperandam
834 472 983 545 omnino
1005 500 1076 546 non
1099 502 1186 549 esse.

141 582 296 656 Necnon
319 583 430 657 etiam
453 587 582 685 erupit⁴
596 587 665 661 alia
690 613 835 686 quoque
862 587 1018 674 haeresis,
1036 615 1117 686 quae
1133 588 1188 668 di.-

141 698 233 782 citur
249 699 487 774 Cainaeorum.
539 701 590 774 Et
615 702 683 802 ipsi
707 705 805 778 enim
832 710 1067 804 magnificant
1083 708 1187 796 Cain,

140 814 242 912 quasi
269 842 314 888 ex
340 815 495 914 quadam
520 819 662 917 potenti
688 820 820 895 virtute
849 836 1077 922 conceptum,
1104 850 1187 923 quae

111 944 287 1031 soperata
307 933 354 1005 sit
376 933 413 1005 in
436 931 538 1032 ips0;
565 960 649 1007 nam
673 936 766 1010 Abel
792 962 841 1010 ex
866 938 1032 1013 inferiore
1053 940 1186 1026 virtute

139 1062 371 1150 conceptum,
397 1062 635 1148 procreatum,
664 1065 701 1125 ct
728 1053 808 1127 ideo
837 1053 1041 1127 inferiorem
1069 1081 1187 1155 reper-

138 1176 230 1237 tum.
283 1164 350 1253 Hi,
367 1164 430 1261 qui
448 1164 519 1238 hoc
537 1164 716 1253 adserunt,
734 1167 845 1242 etiam
861 1169 887 1242 J
890 1166 998 1242 udain
1024 1169 1185 1269 prodito-

138 1307 215 1354 rem
232 1280 444 1372 defendunt,
461 1281 709 1356 admirabilem
734 1283 837 1357 illum
856 1296 893 1356 et
915 1311 1089 1381 magnum
1107 1312 1184 1359 esse

139 1409 380 1470 memorantes
402 1409 547 1497 propter
569 1396 754 1488 utilitates,
772 1425 862 1495 quas
880 1399 1040 1474 humano
1061 1402 1182 1502 generi

91 1513 333 1587 10c0utulisse
351 1513 520 1611 jactatur.
573 1512 732 1597 Quidam
750 1513 848 1587 enim
873 1515 1035 1615 ipsorum
1055 1516 1185 1615 gratia-

137 1658 217 1704 rum
241 1630 421 1705 actionem
443 1629 551 1703 Judae
576 1642 723 1728 propter
749 1629 842 1701 hanc
868 1655 1010 1704 causam
1035 1629 1183 1703 redden-

137 1746 221 1820 dam
239 1759 380 1845 putant.
415 1743 715 1818 Animadvertens
732 1745 842 1834 enim,
857 1743 1040 1842 inquiunt,
1056 1746 1184 1837 Judas,

114 1869 127 1912 ·‘
136 1861 232 1960 quod
259 1860 426 1934 Christus
451 1859 559 1932 vellet
583 1859 770 1933 veritatem
798 1861 1012 1950 subvertere,
1038 1861 1185 1936 tradidit

136 1977 252 2068 illurn,
267 2004 312 2049 ne
331 1975 487 2049 subverti
507 1974 635 2048 veritas
654 1989 785 2075 posset.
837 1974 888 2048 Et
910 1976 970 2048 alii
989 1977 1040 2050 sic
1058 1990 1182 2051 contra

91 2093 322 2194 1sdisputant
346 2106 384 2166 et
409 2091 555 2166 dicunt:
587 2090 673 2189 quia
698 2103 892 2190 potestates
919 2092 1026 2189 hujus
1055 2092 1182 2166 mundi

135 2210 306 2283 nolebant
323 2209 397 2308 pati
413 2208 614 2296 Christum,
627 2234 672 2279 ne
690 2206 850 2278 humano
868 2207 988 2303 generi
1008 2234 1071 2305 per
1090 2233 1182 2280 mor·

135 2339 208 2398 tem
237 2324 349 2425 ipsius
376 2324 469 2397 salus
491 2334 685 2422 pararetur,
702 2321 806 2394 saluti
831 2322 1020 2394 consulens
1042 2323 1181 2421 generis

137 2441 286 2514 humani
312 2440 460 2515 tradidit
486 2438 686 2522 Christum,
703 2448 744 2510 ut
770 2436 876 2525 salus,
900 2463 981 2533 quae
1007 2437 1181 2536 impedie-

135 2556 240 2630 batur
269 2583 334 2656 per
363 2556 525 2644 virtutes,
555 2581 637 2653 quae
667 2552 901 2641 obsistebant,
927 2552 965 2624 ni
1000 2565 1183 2650 pateretur

87 2671 312 2759 2oChristus,
330 2671 498 2771 impediri
517 2670 666 2744 omnino
689 2694 761 2741 non
786 2680 927 2767 posset:
954 2681 991 2742 et
1013 2667 1096 2740 ideo
1118 2694 1182 2767 per

132 2788 337 2887 passionem
357 2786 493 2859 Christi
517 2812 590 2859 non
615 2800 735 2884 posset
758 2786 852 2858 salus
871 2786 1021 2858 humani
1041 2785 1180 2884 generis

133 2901 311 2975 retardari.
367 2901 438 2975 Sed
456 2915 493 2974 et
509 2901 571 2974 illa
589 2901 731 2975 haeresis
750 2900 935 2999 processit,
951 2927 1032 2997 quae
1050 2900 1181 2975 dicitur

134 3018 391 3091 Sethoitarum.
430 3017 551 3113 Hujus
570 3016 810 3118 perversitatis
828 3016 992 3090 doctrina
1011 3018 1087 3090 haec
1105 3031 1178 3090 est:

132 3136 237 3209 Duos
256 3134 420 3207 homines
439 3137 484 3208 ab
503 3134 638 3233 angelis
656 3135 882 3223 constitutos,
896 3132 986 3206 Cain
1006 3147 1042 3205 et
1058 3133 1152 3206 Abel
1169 3165 1178 3218 ;

86 3274 120 3333 25
132 3265 279 3352 propter
292 3251 358 3323 hos
371 3277 519 3349 magnas
534 3251 627 3323 inter
640 3249 785 3348 angelos
799 3247 1046 3345 contentiones
1060 3260 1097 3319 et
1109 3247 1180 3321 dis·

131 3368 268 3441 cordias
287 3368 487 3452 exstitisse3
514 3367 561 3438 ob
587 3365 681 3438 hanc
703 3390 860 3459 causam,
878 3363 977 3434 illam
996 3363 1178 3450 virtutem,

131 3511 212 3581 quae
231 3511 338 3583 super
355 3510 481 3556 omnes
499 3484 647 3555 virtutes
671 3493 775 3565 esset,
794 3505 902 3576 quam
928 3492 1079 3551 matrem
1098 3507 1180 3580 pro-

131 3600 310 3691 nuntiant,
328 3600 415 3673 dum
434 3599 527 3672 Abel
551 3599 778 3670 interfectum
801 3593 960 3665 dicerent
978 3592 1074 3695 (jor.
1093 3622 1177 3699 curn

130 3716 358 3810 -disceretl,
374 3715 529 3788 voluisse
547 3712 687 3814 concipi
706 3725 744 3786 et
760 3710 856 3784 nasci
877 3709 976 3782 hunc
993 3710 1082 3783 Seth
1098 3711 1179 3785 loco

74 3832 266 3921 ¹30Abelis,
285 3845 325 3905 ut
350 3844 609 3905 evacuarentur
631 3829 747 3929 angeli
772 3827 836 3912 illi,
855 3827 917 3924 qui
936 3826 1025 3900 duos
1044 3828 1177 3926 priores

129 3946 210 4019 illos
236 3946 402 4019 homines
420 3943 684 4029 condidissent;
710 3942 797 4017 dum
826 3944 895 4014 hoe
921 3968 1043 4015 semen
1072 3969 1178 4014 mun-

129 4062 217 4135 dum
236 4063 388 4136 moritur
404 4075 441 4135 et
458 4061 625 4135 nascitur.
656 4059 916 4133 Permixtiones
934 4057 1032 4130 enirn
1051 4056 1177 4129 dicunt

130 4178 339 4276 angelorum
368 4190 405 4248 et
433 4177 624 4249 hominum
653 4176 794 4274 iniquas
824 4175 957 4247 fuisse:
991 4176 1039 4246 ob
1065 4199 1175 4271 quam

646 4321 672 4362 Μ
