2678 4830
218 307 271 371 IN
295 307 328 370 S.
345 305 615 370 HIPPOLYTI
638 307 834 370 CONTRA
853 306 1073 374 NOETUM.
1128 313 1172 378 79

125 501 209 559 ρεαιν
235 475 418 558 έδογμάτιζε,
443 476 632 562 verteritque
653 476 756 540 locum
784 476 954 565 Hippolyti
980 477 1170 558 Turriauus,

126 562 244 626 volebat
262 576 370 648 aperte
385 571 503 649 dogma
520 584 614 626 οιιιιπι
631 563 807 648 όομθπθπτο,
823 563 974 649 opinabar
992 563 1022 628 le
1044 565 1051 578 '
1073 585 1169 650 opor·

126 660 190 711 tere
212 648 260 711 καὶ
277 649 394 729 θοῤῥῶν
415 669 474 734 pro
489 671 563 711 voce
579 649 708 730 καθαρὸν
727 646 759 710 in
780 648 916 712 Fabricii
932 672 987 713 seu
1004 587 1171 714 bdbntfau-

125 731 204 796 conii
219 732 402 818 apographo
416 747 549 819 reperta.
577 735 662 797 vett.
679 732 800 798 Glossae
814 734 932 798 habent
946 738 1084 817 Θαῤῥῶν,
1098 758 1170 800 con·

146 925 149 930 ·
169 905 210 966 P.
224 864 280 983 46.
302 901 321 966 l.
343 921 394 966 11.
415 904 458 966 Τι’
476 904 529 968 οδν
552 905 641 968 κακὸν
657 905 728 992 διο]
753 904 854 991 Apud
877 904 1093 1002 Epiphanium
1115 905 1171 993 qui

126 987 166 1052 ad
189 987 320 1052 verbum
343 988 571 1074 propemodum
589 989 697 1053 eadem
718 989 758 1053 de
778 991 967 1077 presbyteris
986 1013 1025 1054 ex
1047 991 1172 1077 Hippo-

126 1073 205 1223 llytm
219 1072 292 1137 licet
313 1072 400 1137 baud
422 1074 592 1151 nominato,
615 1075 729 1138 refert:
752 1079 794 1139 Τί
814 1079 872 1158 γὸρ
895 1075 985 1139 κακὸν
1005 1079 1170 1157 πεποίηκας

145 1185 182 1223 να
202 1158 286 1224 Θεὸν
306 1158 424 1237 δοξάζω,
447 1161 501 1223 ένα
521 1163 691 1239 ἐπίσταμαι,
708 1161 755 1223 καὶ
777 1161 829 1224 οὐκ
851 1163 949 1225 ἄλλον
970 1161 1050 1240 πλὴν
1071 1162 1170 1236 αὐτοῦ,

128 1243 320 1327 γεννηθέντα,
336 1246 535 1309 ἀποθανόντα.
551 1268 584 1331 p.
595 1246 668 1325 480.
693 1247 839 1309 Fannio.

171 1328 257 1394 Ibid.
272 1329 295 1392 l.
314 1347 364 1408 14.
386 1329 439 1393 τὸν
457 1330 524 1394 υἱὸν
545 1331 694 1418 παθόντα]
712 1333 792 1408 Quae
812 1346 998 1416 sequuntur,
1015 1346 1086 1396 sunt
1106 1332 1174 1418 ipsa

129 1414 223 1491 ¹verba
242 1413 387 1500 symboli,
408 1413 501 1501 quale
522 1429 608 1480 extat
628 1416 716 1502 apud
740 1418 897 1480 Irenaeum
912 1415 964 1480 lib.
980 1419 1008 1480 I.
1023 1441 1051 1482 c.
1064 1437 1092 1485 ν.
1165 1466 1172 1481 .

128 1499 180 1564 lib.
198 1500 268 1565 111.
291 1522 360 1586 cap.
373 1521 407 1580 4.
430 1501 662 1564 Tertullianum
685 1517 793 1565 contra
815 1504 969 1565 Praxeam
991 1527 1016 1566 c.
1036 1523 1064 1567 2.
1082 1441 1174 1568 etoede

131 1585 309 1671 Praescript.
322 1608 349 1648 c.
363 1605 413 1671 13.
428 1598 460 1649 et
473 1584 513 1649 de
528 1586 711 1672 Virginibus
725 1586 864 1651 velandis
878 1611 906 1652 c.
922 1608 949 1650 1.
967 1591 1023 1653 διο.
1048 1589 1158 1653 Fara.

173 1670 258 1736 Ibid.
275 1670 297 1734 l.
317 1670 368 1734 18.
391 1671 523 1749 ἐξέωσαν
542 1677 593 1750 τῆς
614 1674 786 1761 ἐκκλησίας]
803 1675 941 1737 No'etum
956 1673 1139 1738 damnatum
1155 1698 1175 1739 a

132 1755 319 1843 Tranquillo
339 1755 485 1843 episcopo
505 1756 785 1822 Chalcedoniorum
810 1758 920 1845 Syriae,
941 1759 1047 1824 scribit
1065 1775 1175 1825 auctor

133 1841 361 1920 Praedestinati,
376 1865 405 1905 c.
418 1844 472 1926 36.
509 1843 604 1920 Quod
617 1857 722 1907 autem
737 1843 770 1906 in
790 1844 947 1930 Synodico
963 1844 1066 1909 libello
1080 1869 1174 1932 quem

132 1927 230 1992 edidit
255 1926 421 2025 theologus
446 1927 705 1993 celebratissimus
730 1930 1015 2016 Argentoratensis,
1038 1932 1175 1997 Joannes

133 2016 275 2100 Pappus,
301 2027 402 2100 capite
427 2035 480 2077 xx.
505 2013 590 2101 leges
616 2013 647 2077 in
674 2015 795 2100 syuodo
821 2017 967 2080 Romana
991 2015 1173 2080 damnatum

133 2101 271 2164 Noetum
285 2122 305 2163 a
318 2121 401 2185 papa
415 2099 550 2175 Victore,
567 2114 742 2185 temporum
758 2100 837 2165 ratio
856 2124 918 2165 uon
937 2102 1066 2188 patitur.
1112 2101 1176 2175 Sed

134 2198 204 2249 sunt
217 2183 364 2271 quaedam
374 2197 405 2247 et
416 2183 476 2248 alia
485 2184 518 2248 in
530 2184 584 2249 illo
596 2185 752 2283 Synodico
767 2208 878 2272 parum
893 2202 1037 2251 accurate
1051 2186 1176 2265 tradita,

133 2269 204 2420 gret
218 2269 370 2358 scriptum
388 2268 493 2356 ipsum
511 2270 629 2357 alioqui
643 2284 688 2335 est
704 2272 886 2359 neutiquam
901 2271 1175 2336 contemnendum.

163 2377 280 2421 aautc.

177 2445 217 2507 P.
228 2460 284 2523 47.
298 2440 320 2505 l.
337 2460 364 2505 1.
387 2446 428 2508 Οἱ
442 2443 489 2508 καὶ
504 2449 596 2524 δεῖξαι
614 2445 791 2528 βούλονται]
812 2443 943 2509 Correxi
958 2444 987 2506 ot
1005 2465 1064 2529 pro
1080 2444 1123 2506 ol:
1144 2441 1177 2506 bi

135 2541 239 2593 autem
254 2539 331 2592 sunt
344 2529 439 2593 Nocti
454 2529 529 2593 disci
555 2529 609 2607 uli,
625 2529 679 2614 qui
695 2527 784 2592 initio
798 2543 1089 2592 commemorantur.

179 2612 265 2678 Ibid.
279 2612 300 2677 l.
315 2629 345 2698 5.
368 2613 431 2694 μετ’
447 2615 515 2697 ἐμὲ]
568 2614 663 2678 abent
674 2615 784 2678 Btbtta
797 2614 882 2678 edita
896 2618 975 2693 πλὴν
995 2616 1077 2694 ἐμοῦ,
1093 2611 1180 2677 nulla

136 2713 242 2764 notata
255 2698 438 2786 hujusmodi
453 2701 601 2765 varietate
614 2698 761 2763 lectionis.
1102 2710 1107 2722 “

177 2783 263 2895 ibid.
278 2783 300 2850 l.
317 2786 347 2849 6.
370 2785 399 2849 ol
413 2786 636 2884 ἀποκρίνονται]
654 2784 842 2871 Legendum
858 2785 983 2849 videtur
998 2786 1027 2849 ol
1042 2786 1089 2850 καὶ
1104 2788 1177 2850 ἀπο·

138 2872 1060 3043 qffipq333133233133333433338qqd0m
1076 2956 1180 3033 ..aa

138 3055 286 3128 tanquam
308 3040 333 3105 si
352 3040 530 3120 invenisset,
546 3045 575 3106 εἴ
591 3068 628 3125 γε
647 3045 664 3105 ὸ
684 3042 774 3115 Θεὸς,
788 3043 857 3107 haec
872 3066 946 3106 vero
960 3042 1109 3129 conjungi
1124 3041 1181 3105 de·

139 3126 214 3192 bent
227 3149 299 3191 cum
315 3126 526 3212 sequentibus.

184 3211 268 3276 Ibid.
291 3211 313 3275 l.
330 3232 381 3296 17.
408 3211 502 3295 Ὁρᾷς
523 3213 586 3286 οὖν,
609 3213 729 3300 φησιν]
754 3210 819 3275 Ηίο
840 3213 935 3292 φησὶν
955 3224 987 3274 et
1009 3212 1106 3292 φασὶν
1127 3232 1184 3295 per

141 3297 222 3362 vices
243 3312 447 3384 usurpantur,
462 3296 729 3383 quemadmodum
748 3297 843 3361 verba
861 3298 965 3382 iuquit
983 3312 1014 3358 et
1034 3297 1184 3382 inquiunt

141 3383 227 3469 apud
245 3381 433 3447 Arnobium.¹

185 3471 225 3532 P.
239 3469 291 3549 48.
307 3466 330 3531 l.
347 3471 376 3532 6.
401 3469 439 3532 σὺ
461 3470 518 3549 γὰρ
539 3467 574 3547 ἧς
595 3470 611 3531 ὁ
634 3468 728 3556 Θεὸς]
746 3468 822 3530 For.
843 3464 1040 3529 scribendum
1064 3464 1106 3532 εἶς
1128 3488 1185 3552 pro

143 3553 185 3633 ἧς.
232 3555 273 3616 In
288 3555 467 3617 Bibliorum
481 3551 632 3638 exemplis
645 3569 731 3617 extat
747 3554 782 3617 εἴ.

187 3636 270 3701 Ibid.
285 3636 306 3700 l.
320 3659 350 3721 9.
373 3641 478 3702 τούτου
501 3641 649 3720 ἐμφανοῦς
670 3637 868 3718 δεικνυμένου,
891 3643 950 3700 τῶν
968 3639 1058 3703 οὕτως
1076 3664 1184 3719 μαρτν-

143 3722 308 3811 ρουμένων]
340 3723 448 3787 Locus
475 3738 643 3810 corruptus
668 3747 733 3787 esse
758 3723 893 3799 videtur,
917 3736 949 3785 et
973 3723 1185 3808 refingendus,

144 3810 248 3872 τούτου
263 3811 402 3890 ἐμφανῶς
416 3808 615 3887 δεικνυμένου,
630 3811 741 3873 τούτων
756 3811 846 3874 οθτως
859 3834 890 3886 μ.

187 3894 225 3955 Ρ.
240 3912 295 3976 49.
316 3892 337 3957 l.
358 3913 388 3957 1.
418 3895 590 3980 μουόκωλα]
621 3896 791 3958 Μονόκωλο
815 3906 946 3979 apparet
970 3891 1188 3956 adverbialiter

145 3976 219 4062 poni
233 4000 292 4064 pro
306 3981 482 4057 μονοκῶλως
496 3992 526 4042 et
540 3981 720 4057 μονοτθπως,
735 3978 852 4065 quibus
866 3977 968 4041 verbis
987 3975 1188 4062 Epiphanius

146 4063 261 4146 p.481.
290 4063 460 4150 Hippolyti
472 4062 608 4149 vestigiis
621 4063 762 4128 insistens
777 4063 886 4127 utitur.
910 4066 1076 4126 Βοθλονται
1087 4063 1119 4122 δὲ
1130 4066 1189 4138 διη.

147 4152 265 4227 γεῖσθοι
276 4149 452 4227 μονοκόλως
465 4153 570 4212 τοῦτον
581 4149 634 4212 τὸν
644 4152 755 4230 τρόπον
767 4151 804 4215 ὣς
816 4151 976 4213 Θεόδοτος.
1001 4146 1116 4207 Sensus
1130 4158 1188 4222 est,

148 4231 319 4296 Noetianos
339 4233 380 4296 ad
403 4256 501 4297 unum
525 4233 743 4297 tautummodo
764 4234 796 4296 in
821 4229 1012 4320 explicandis
1037 4230 1070 4291 S.
1089 4228 1191 4313 Scrip-
