2678 4830
126 312 190 377 164
431 309 680 374 ADVERSUS
703 309 865 373 OMNES

127 484 164 556 in
182 483 245 573 eis,
263 483 310 555 ob
332 507 443 578 quam
466 507 610 555 causam
636 481 759 553 omnia
781 480 927 552 infirma
943 504 1031 566 esse,
1049 492 1086 550 et
1104 477 1172 550 fra·

126 599 222 698 gilla,
248 612 285 670 et
312 595 460 687 caduca,
486 612 521 671 et
549 596 723 685 mortalia,
749 620 989 693 quaecumque
1015 610 1100 667 sunt
1127 595 1172 666 ab

125 714 204 814 ipso
228 712 344 786 facta:
372 712 542 809 quoniam
568 712 714 810 quidem
740 712 816 812 ipse
839 711 946 784 fuerit
968 710 1014 784 de
1034 711 1173 811 aporia-

123 829 223 903 tione
246 842 441 927 conceptus
464 842 573 925 atque
595 830 775 927 prolatus:
802 828 900 901 hunc
924 840 1047 900 tamen
1071 826 1173 899 insti-

123 947 233 1020 tuissc
259 947 368 1019 istum
397 943 575 1017 mundum
602 971 648 1017 ex
670 944 725 1017 his
749 942 919 1028 materiis,
940 969 1029 1040 quas
1051 942 1199 1031 Ache-5

124 1061 241 1151 moth,
266 1061 321 1133 vel
348 1060 608 1160 pavendo,ch
634 1059 808 1148 timcnd0,
833 1060 889 1133 vel
915 1059 1172 1145 contristando,

123 1179 179 1252 vel
208 1175 371 1250 sudando
399 1175 622 1275 praestiterat.
673 1175 772 1249 Nam
801 1200 846 1247 ex
874 1200 1015 1274 pavore,
1042 1174 1171 1272 inquit,

123 1294 280 1368 tenebrae
297 1292 402 1364 factae
426 1305 530 1365 sunt:
558 1304 603 1364 err
625 1291 753 1365 timore
777 1304 813 1362 et
839 1290 1051 1388 ignorantia,
1070 1289 1173 1389 spiri-

124 1423 181 1482 tus
200 1405 371 1505 nequitiae
386 1419 422 1479 et
440 1405 693 1506 malignitatis:
711 1432 756 1479 ex
773 1405 919 1479 tristitia
936 1419 973 1479 et
990 1405 1171 1504 lacrymis,

124 1523 275 1597 humida
298 1523 467 1611 fontium,
484 1522 677 1596 fluminum
696 1519 791 1622 (for.
807 1534 842 1594 et
865 1521 1073 1617 fluminum)
1096 1547 1173 1594 ma·
1188 1553 1220 1590 10

124 1640 225 1728 teria,
252 1638 442 1735 marisque.
493 1637 682 1711 Christum
708 1651 831 1710 autem
857 1637 1009 1711 missurn
1037 1641 1082 1712 ab
1110 1640 1173 1712 illo

124 1765 327 1853 propatore,
353 1751 416 1849 qui
443 1764 498 1822 est
523 1750 678 1849 Bythos.
731 1752 845 1826 Hunc
872 1767 992 1827 autern
1024 1755 1062 1826 in
1090 1756 1174 1827 sub-

125 1868 256 1942 stantia
273 1866 429 1965 corporis
443 1867 554 1938 nostri
573 1894 645 1939 non
664 1868 784 1954 fuisse,
796 1868 858 1942 sed
876 1869 1033 1969 spiritale
1051 1871 1172 1943 nescio

125 1981 222 2080 quod
246 2009 377 2082 corpus
400 1982 445 2055 de
470 1983 564 2055 coelo
585 1982 817 2067 deferentem,
836 1983 938 2080 quasi
958 2009 1089 2081 aquarn
1108 2011 1174 2082 per

125 2099 282 2172 fistulam
310 2098 361 2172 sic
385 2125 449 2197 per
472 2098 628 2172 Mariam
650 2100 825 2199 virginem
851 2113 1100 2189 transmeasse,
1117 2099 1171 2171 ni·
1186 2120 1219 2183 15

125 2215 178 2288 hil
203 2214 287 2287 inde
308 2214 363 2287 vel
389 2214 641 2314 accipientem,
662 2214 718 2287 vel
746 2226 984 2286 mutuantem.
1039 2212 1173 2285 Resur-

124 2332 321 2405 rectionem
347 2329 455 2427 hujus
481 2329 597 2402 carnis
624 2342 744 2429 negat,
767 2328 829 2401 sed
854 2329 1008 2401 alterius.
1060 2329 1171 2428 Legis

124 2461 161 2520 et
177 2447 436 2547 prophetarum
453 2445 618 2543 quaedam
637 2446 777 2544 probat,
791 2443 957 2542 quaedam
975 2445 1172 2544 improbat:

125 2560 161 2635 id
191 2575 257 2652 est,
286 2562 411 2635 omnia
445 2561 637 2661 improbat,
672 2560 759 2633 dum
793 2560 959 2658 quaedam
994 2564 1172 2660 reprobat.

124 2675 365 2775 Evangelium
388 2678 496 2750 etiam
521 2677 630 2750 lrabet
654 2702 773 2761 suum,
791 2690 919 2776 praeter
940 2678 1017 2750 haec
1041 2691 1221 2751 nostra.20

125 2791 211 2863 Post
234 2792 332 2864 hunc
352 2793 568 2865 exstiterunt
591 2793 810 2866 Ptolomaeus
827 2805 864 2866 et
887 2793 1075 2867 Secundus
1101 2794 1174 2871 hae-

126 2905 238 2995 retici,
261 2904 324 3002 qui
351 2931 434 2977 cum
459 2905 656 2978 Valentino
681 2934 745 3006 per
770 2908 892 2982 omnia
918 2910 1172 2994 consentiunt;

125 3019 162 3091 in
191 3020 251 3092 illo
276 3021 351 3092 solo
374 3019 564 3106 differunt3
592 3049 676 3095 narn
699 3049 784 3096 cum
801 3023 1014 3098 Valentinus
1032 3024 1174 3098 AEonas

125 3149 266 3210 tantum
286 3136 434 3235 triginta
451 3136 626 3228 finxisset,
643 3138 701 3211 isti
726 3137 940 3212 addiderunt
963 3140 1050 3213 alios
1072 3166 1175 3214 corn-

123 3254 264 3355 plures3
292 3268 447 3352 quatuor
463 3253 561 3326 eninr
579 3253 749 3353 primum,
767 3251 896 3326 deinde
914 3255 1000 3328 alios
1018 3271 1174 3354 quatuor
1186 3287 1220 3346 25

124 3383 430 3467 aggregaverunt3
468 3383 505 3442 et
533 3369 632 3468 quod
659 3368 747 3442 dicit
771 3370 985 3444 Valentinus
1011 3372 1171 3445 AEoncm

124 3484 350 3580 trigesimum
379 3484 573 3557 excessisse
603 3483 647 3558 de
678 3485 888 3583 pleromate,
916 3499 956 3558 ut
987 3488 1024 3558 in
1052 3487 1174 3560 defec-

125 3596 279 3686 tionem,
298 3614 431 3699 negant
456 3601 536 3673 isti:
567 3628 639 3675 non
666 3600 764 3673 enirn
791 3627 837 3674 ex
863 3602 926 3675 illa
950 3602 1172 3676 triacontade

126 3710 235 3784 fuisse
262 3713 371 3803 hunc,
391 3715 453 3813 qui
479 3715 587 3788 fuerit
611 3716 646 3787 in
675 3715 886 3806 defectione,
910 3731 1057 3817 propter
1079 3717 1174 3791 desi-

126 3825 264 3900 derium
284 3827 427 3903 videndi
446 3831 655 3930 propatoris.
698 3831 852 3904 Exstitit
867 3846 1036 3932 praeterea
1055 3832 1168 3905 Hera·
1183 3829 1221 3921 3'0

126 3943 227 4015 cleon
253 3945 342 4017 alter
363 3945 563 4031 haereticus,
581 3948 643 4043 qui
661 3974 746 4020 cum
763 3947 958 4021 Valentino
974 3949 1074 4048 paria
1091 3977 1173 4022 sen·

125 4056 180 4147 tit,
204 4058 265 4131 sed
290 4060 447 4132 novitate
469 4059 624 4157 quadam
646 4063 947 4161 pronuntiationis
965 4064 1042 4137 vult
1059 4066 1170 4149 videri

122 4171 194 4244 alia
213 4172 364 4258 sentirc3
391 4174 588 4255 introducit
611 4177 708 4250 enim
733 4178 771 4251 in
798 4177 923 4276 primis
951 4178 1041 4253 illud
1060 4182 1171 4261 fuisse
