2678 4830
281 313 655 378 ANNOTATIONES
680 315 730 378 IN
754 315 937 380 FRAGM.
956 319 1010 381 &c
1125 322 1167 384 35

124 488 236 551 reticos
256 485 343 573 apud
367 483 597 550 Tertullianum
614 485 758 550 extantia.
803 488 1022 554 Theodoretue
1038 490 1166 578 quidem

126 573 157 636 in
173 574 299 637 Haeret.
316 574 396 636 rat.
415 572 470 636 lib.
485 574 512 637 l.
529 596 556 636 c.
571 592 621 658 23.
640 595 711 636 eum
735 596 806 637 cum
830 574 958 638 Florino
978 576 1010 638 in
1032 577 1168 642 Valenti-

126 660 250 723 nianam
268 659 411 723 haeresim
426 658 593 722 declinasse
605 659 660 737 ait,
676 659 728 723 sed
744 660 854 724 dehac
869 684 902 724 re
916 661 984 726 silet
998 665 1164 730 Eusebius,

171 748 211 811 P.
232 767 287 831 31.
314 745 332 808 Ι.
355 765 387 830 5.
422 751 557 809 Tarra
583 749 620 810 τὰ
649 749 781 829 δόγματα
805 749 877 896 bed]
902 755 924 786 “
940 749 1164 837 Condiscipuli‚

128 841 150 872 “
167 831 317 915 (Florini)
344 855 437 918 quem
464 830 550 917 apud
577 831 785 918 Polycarpum
815 833 846 896 vi
869 849 935 899 erat
963 853 1166 923 noveratque,

128 927 150 958 “
164 942 270 983 casum
293 918 401 982 dolens
423 921 576 997 Irenoeus,
599 941 734 1005 eumque
755 918 795 982 ab
818 942 921 983 errore
945 944 1089 987 revocare
1110 947 1164 987 cus

128 1014 150 1045 “
188 1005 264 1082 ienS,
277 1005 398 1091 scripsit
412 1005 560 1069 adversus
575 1028 646 1068 eum
662 1004 821 1091 epistolam
836 1008 966 1088 περὶτῆς
981 1013 1165 1094 Μοναρχίας,

128 1100 150 1132 “
164 1120 183 1172 η
197 1093 264 1174 περὶ
278 1097 331 1156 τοῦ
343 1093 383 1170 μὴ
398 1092 474 1155 εἶναι
488 1091 540 1155 τὸν
556 1091 638 1155 Θεὸν
655 1092 777 1172 nordana
795 1099 899 1170 κακῶν,
918 1095 955 1156 dc
975 1096 1166 1160 Mortarcltia

129 1187 150 1218 “
165 1178 241 1255 sive,
252 1179 335 1265 qood
342 1180 432 1242 Deua
446 1200 509 1240 ααα
523 1179 567 1241 ait
580 1178 721 1240 conditor
735 1180 898 1242 aratorum.
924 1184 1039 1260 Ταύτης
1052 1182 1167 1264 γάρτοι

129 1272 151 1304 “
165 1269 216 1343 τῆς
230 1266 357 1346 γνώμης,
373 1263 461 1327 addit
474 1262 643 1338 Eusebius,
661 1265 745 1331 οὗτος
766 1267 861 1328 ἐδόκει
882 1269 1082 1347 apostatricem,
1098 1290 1167 1331 eam

130 1359 150 1390 ‘⁶
165 1353 250 1414 enim
263 1351 440 1437 opinionem
460 1350 511 1413 tte
534 1351 698 1435 defendere
719 1352 893 1415 videbatur.
939 1353 1018 1428 Quae
1039 1353 1167 1439 quidem

130 1446 151 1477 “
167 1437 210 1500 sic
224 1436 359 1522 explicat
374 1439 418 1500 H.
432 1435 583 1514 Valesius,
598 1435 687 1522 quasi
702 1436 849 1500 Florinus
863 1438 1032 1502 Marcionis
1046 1454 1077 1504 et
1092 1443 1168 1504 Cer-

130 1532 151 1564 “
167 1523 257 1587 donis
271 1521 471 1608 dogmatibus
484 1522 657 1600 adhaerens,
669 1522 734 1587 duo
745 1523 896 1609 principia
906 1525 1081 1605 invexisset,
1093 1527 1169 1591 alte-

128 1619 151 1650 “
166 1633 236 1674 rum
253 1610 417 1687 bonorum,
429 1608 560 1672 alterum
576 1608 726 1673 malorum
742 1624 910 1674 auctorem.
938 1612 999 1674 Sed
1014 1630 1169 1699 repugnat

128 1706 151 1737 “
168 1698 309 1761 Irenaeus
332 1696 476 1773 scribens,
501 1695 620 1759 Florini
642 1697 792 1783 dogmata
810 1719 850 1759 rte
868 1699 991 1784 quidem
1009 1700 1168 1764 hereticos

131 1792 152 1824 “
166 1793 259 1848 cetra
282 1784 439 1847 ecclesiam
460 1784 583 1868 positos
599 1783 747 1868 prrp‘irre
769 1806 909 1870 utiquam
934 1807 1028 1848 orama
1042 1787 1167 1872 faisse.

130 1868 303 1935 “Gravior
321 1868 418 1956 igitur
435 1892 530 2018 guam
547 1868 699 1932 Cerdonis
717 1892 753 1932 ac
773 1869 943 1933 Marcionis
962 1889 1027 1935 erat
1047 1872 1167 1936 Florini

130 1965 153 1996 ‘³
167 1979 273 2029 error;
298 1979 333 2020 ac
348 1955 436 2041 proin
460 1979 478 2018 e
496 1954 528 2018 in
548 1979 587 2018 eo
600 1955 719 2041 positus
733 1956 828 2019 fuisse
842 1956 977 2033 videtur,
992 1957 1076 2043 quod
1094 1982 1167 2034 non,

132 2051 154 2083 “
169 2057 206 2107 ut
220 2041 448 2129 illi‚'duplicem
464 2043 582 2120 Deum,
597 2041 728 2105 alterum
749 2041 832 2120 boni,
846 2042 979 2106 alterum
1000 2045 1083 2123 mali,
1097 2069 1169 2109 auc-

131 2137 154 2170 “
169 2144 268 2193 torem
283 2129 431 2215 fingerem
451 2128 504 2192 sed
520 2129 552 2192 in
568 2151 665 2191 unum
681 2143 713 2192 et
727 2128 871 2192 eumdem
887 2130 1003 2202 Deum,
1020 2145 1168 2218 tanquam

131 2215 200 2279 “in
213 2238 365 2292 caussam,
381 2213 462 2278 mala
480 2214 583 2278 omnia
601 2238 636 2279 ac
654 2231 781 2301 peccata
795 2215 996 2289 refunderet;
1021 2217 1106 2302 quod
1122 2241 1170 2281 re-

131 2311 243 2366 “vera
271 2300 377 2366 nullus
400 2301 550 2366 hactenus
575 2301 738 2365 haereticus
766 2302 904 2388 proferre
933 2326 1028 2366 ausus
1053 2304 1167 2367 fuerat.

130 2389 266 2454 “Unde
293 2388 365 2452 licet
394 2412 451 2475 pro
478 2391 635 2473 μοναρχίᾳ,
662 2412 716 2451 sou
745 2388 888 2475 principii
917 2389 1036 2452 unitate
1064 2406 1171 2454 contra

132 2483 155 2516 ‘⁴
170 2475 373 2540 Marcionitas
387 2498 457 2539 cum
475 2474 643 2539 Catholicis
658 2474 850 2552 decertaret;
867 2475 946 2538 hanc
962 2490 1064 2537 tamen
1080 2476 1171 2563 pejus

132 2561 229 2626 “illis
252 2561 398 2639 violabat,
424 2561 501 2626 dum
526 2560 615 2624 malis
637 2561 782 2624 omnibus
810 2560 1048 2624 contaminabat.
1104 2564 1171 2626 Ire-

132 2656 155 2688 “
169 2671 258 2713 naeus
279 2671 353 2711 vero
374 2647 565 2712 retinendam
588 2671 654 2710 esse
673 2649 850 2730 μοναρχίαν,
873 2670 929 2710 nec
951 2662 1054 2711 tamen
1076 2649 1172 2712 malo-

132 2743 239 2799 “rum
262 2734 333 2798 labe
353 2734 598 2822 adspergendam
621 2757 697 2811 esse,
718 2748 779 2797 tam
804 2757 886 2810 vere,
910 2756 1003 2820 quam
1027 2734 1077 2821 pie
1099 2758 1172 2798 con-

132 2830 155 2862 “
170 2821 328 2886 tendebat.
362 2823 463 2898 Quam
479 2844 552 2885 vero
565 2844 586 2884 a
599 2820 745 2907 pestifera
763 2819 882 2884 Florini
897 2820 1037 2884 doctrina
1051 2821 1171 2886 alienus

132 2916 154 2949 “
170 2908 333 2985 extitisset,
356 2932 514 2995 quamque
539 2906 690 2970 nefarium
716 2906 832 2992 dogma
856 2907 1049 2972 exhoruisset
1073 2908 1168 2996 Poly-

132 3002 156 3035 ‘⁴
170 3017 294 3082 carpus,
310 2994 536 3080 quamdudum
555 3008 776 3080 praeceptorem
791 2993 942 3073 audierat,
957 2994 985 3057 ei
1005 2994 1046 3058 ob
1064 2994 1170 3059 oculos

132 3089 155 3122 “
214 3081 280 3154 uit3
305 3097 341 3145 ut
363 3080 440 3145 tanti
461 3080 659 3167 praeceptoris
680 3081 828 3153 memoria
849 3080 975 3144 devium
997 3080 1028 3143 in
1053 3082 1171 3144 Catho-

133 3175 156 3207 “
170 3104 239 3232 liocae
254 3166 393 3232 veritatis
408 3167 489 3231 viam
504 3167 656 3230 efficacius
673 3167 847 3230 reduceret.
892 3165 1077 3230 Philastrius
1092 3166 1169 3230 Flo-

132 3261 155 3294 “
169 3253 327 3318 rianorum
348 3253 556 3340 quorumdam
582 3252 796 3316 haereticorum
823 3252 983 3330 meminit;
1014 3251 1068 3315 sed
1091 3275 1172 3338 quos

133 3348 156 3380 “
172 3339 485 3426 Carpocratianorum
505 3339 664 3403 surculum
684 3362 749 3402 esse
769 3339 855 3402 dicit.
891 3337 1075 3403 Gennadius
1098 3361 1171 3401 vero

133 3434 156 3466 “
172 3427 365 3501 Florianum,
381 3450 434 3490 seu
451 3425 615 3490 Florinum
630 3424 746 3512 culpat,
759 3424 844 3512 quod
859 3448 980 3488 carnem
997 3424 1068 3488 mali
1084 3449 1172 3489 caus-

133 3521 155 3552 “
172 3536 239 3577 sam
253 3536 317 3576 esse
331 3512 506 3577 crediderit.
552 3514 632 3589 Quae
652 3510 789 3598 quidem,
808 3511 832 3574 si
853 3527 986 3598 uterque
1007 3512 1171 3576 Florinum

134 3607 313 3664 “nostrum
333 3598 529 3677 intellexerit,
552 3621 615 3661 non
637 3597 763 3662 omnino
786 3621 857 3661 cum
882 3598 1021 3662 Eusebio
1045 3614 1077 3662 et
1103 3600 1171 3662 Ire*-

76 3697 80 3702 '
133 3694 155 3725 “
171 3708 250 3763 naeo,
266 3684 381 3772 quibus
395 3684 497 3772 potior
511 3684 599 3764 fides,
613 3685 820 3748 consentiunt.
858 3683 1019 3770 Quidquid
1035 3685 1084 3758 sit,
1099 3686 1126 3748 F
1129 3685 1173 3748 lo-

133 3780 156 3812 “
171 3771 258 3836 rinus
279 3772 392 3836 Irenaei
411 3771 582 3835 rationibus
596 3787 628 3836 et
646 3771 837 3858 argumentis
855 3771 966 3848 victus,
985 3794 1047 3835 non
1068 3787 1171 3835 tamen

133 3865 157 3898 “
172 3858 343 3936 convictus,
364 3881 405 3923 ne
425 3858 498 3923 hinc
519 3860 624 3922 Deum
648 3857 751 3944 ipsum
772 3873 929 3921 auctorem
953 3857 1025 3921 mali
1046 3859 1173 3937 faceret,

134 3952 157 3984 “
171 3943 255 4009 illinc
270 3967 345 4009 vero
359 3967 378 4008 a
391 3945 537 4029 μοναρχίᾳ
558 3967 651 4030 quam
673 3945 822 4008 hactenus
837 3960 1100 4030 propugnaverat,
1117 3945 1172 4008 de-

134 4038 158 4070 “
173 4029 288 4108 ficiens,
303 4053 374 4094 cum
392 4030 535 4095 Cerdone
548 4046 580 4094 et
600 4031 761 4094 Marcione
779 4030 936 4118 duplicem
956 4032 1060 4094 Deum
1082 4030 1173 4093 indu-

135 4123 159 4156 “
172 4131 267 4197 ceret,
286 4116 431 4193 mediam,
452 4132 488 4180 ut
509 4116 566 4180 sibi
589 4116 764 4193 videbatur,
780 4117 861 4181 inter
882 4131 1052 4203 utrumque
1073 4131 1174 4180 extre-

135 4212 158 4271 ‘,‘
173 4225 261 4267 mum
276 4202 431 4268 Valentini
444 4202 624 4267 sententiam
640 4203 812 4290 amplexus,
823 4226 895 4267 cum
910 4226 947 4266 eo
961 4202 1093 4266 insanire
1109 4225 1174 4264 ma-

136 4297 159 4329 “
175 4289 245 4370 luit,
262 4312 358 4376 quam
378 4312 449 4356 cum
471 4289 639 4354 Catholicis
658 4313 773 4376 sapere.
819 4291 923 4368 Quare
939 4291 1079 4353 Irenaeus
1091 4287 1175 4353 illius

632 4397 650 4434 o
666 4395 681 4434 2
