2678 4830
131 296 214 376 '16
286 254 292 265 ⁴
403 314 435 376 s,
452 308 725 377 rotronem
749 311 985 379 nrrsronn

171 485 283 585 ὄνομα
309 493 373 564 τοῦ
402 488 550 591 Κυρίου,
581 485 704 571 οἵτινες
731 489 971 566 ἀποπλανῶσι
998 484 1117 570 κενοὺς
1144 490 1209 566 οἱν-

170 611 346 717 θροίπους.

33 758 150 812 somn.
227 739 278 843 ζ’.
306 746 430 842 Πᾶςγ
479 739 551 839 ,ὃς
569 738 614 821 ἂν
632 741 682 841 μὴ
700 742 864 847 ὁμολογῇ
890 742 1033 841 Ἰησοῦν
1048 741 1211 845 Χριστὸν

25 859 33 873 ’
171 871 208 948 ἐν
224 872 334 973 σαρκὶ
351 869 574 971 ἐληλυθέναι,
596 865 823 974 ἀντίχριστος
844 872 936 948 ε’στι·
964 871 1023 948 καὶ
1042 867 1081 954 ὃς
1099 868 1144 950 ἂν
1161 870 1211 971 μὴ

439 739 449 769 ἱ

12 775 23 809 Ι

8 838 24 886 3

169 998 330 1103 ὁμολογῇ
348 994 390 1076 τὸ
408 995 601 1103 μαρτύριον
618 1005 681 1076 τοῦ
708 1005 881 1101 σταυροῦ,
902 1000 941 1077 ἐκ
958 1005 1022 1077 τοῦ
1040 996 1232 1094 διαβόλους

168 1127 258 1206 ἐστί·
290 1128 348 1206 καὶ
366 1123 405 1211 ὃς
422 1122 468 1206 ἂν
484 1123 655 1232 μεθοδεύῃ
679 1124 726 1205 τὰ
748 1123 857 1227 λόγια
879 1133 943 1204 τοῦ
963 1128 1104 1229 ΙΚυρίου
1121 1126 1210 1232 πρὸς
1253 1188 1256 1194 ·

167 1252 242 1339 τὰς’
255 1256 345 1340 ἰδίας
368 1255 566 1355 ἐπιθυμίας,
588 1256 647 1333 καὶ
669 1254 760 1361 λε’γῃ
778 1252 866 1355 μήτε
885 1254 1101 1353 ἀνάστασιν,
1122 1252 1211 1355 μήτε

167 1382 285 1484 κρίσιν
317 1378 417 1481 εἶναι,
452 1381 554 1466 οὗτος
584 1377 809 1485 πρωτότοκός
845 1382 924 1460 ε’στι
956 1388 1019 1460 τοῦ
1051 1385 1207 1463 Σατανᾶ.

167 1507 235 1589 Διὸ
261 1508 526 1594 ἃάπολιπόντες
548 1508 614 1609 τὴν
636 1507 855 1610 ματαιότητα
873 1516 945 1588 τῶν
964 1515 1132 1608 πολλῶν,
1153 1514 1210 1590 καὶ

164 1636 230 1721 τὰς
247 1639 608 1743 ψευδοδιδασκαλίας,
630 1640 688 1717 ἐπὶ
706 1635 769 1717 τὸν
787 1640 805 1716 ε’
845 1640 957 1741 ἀρχῆς
981 1637 1065 1736 ἡμῖν
1088 1672 1206 1742 παρα·
1221 1674 1250 1712 ιο

8 1787 82 1836 ινα
91 1787 124 1835 tv.
136 1797 158 1851 7.
166 1764 313 1843 δοθέντα
331 1760 444 1866 λόγον
461 1766 749 1871 ἐπιστρέψωμεν,
770 1763 941 1872 νήφοντες
959 1747 1049 1868 ripis
1066 1764 1131 1849 τὰς
1149 1767 1207 1846 εὐ-

165 1888 247 1995 χὰς,
275 1894 333 1971 καὶ
358 1901 705 1997 προσκαρτεροῦντες
734 1895 922 1994 νηστείαις·
955 1890 1123 1995 δεήσεσιν
1149 1901 1206 1973 αἰ-

164 2018 324 2118 τούμενοι
342 2017 405 2102 τὸν
421 2019 675 2122 παντεπόπτην
693 2019 802 2121 Θεὸν,
820 2021 871 2123 μὴ
890 2028 1099 2123 εἰσενεγκεῖν
1116 2023 1209 2121 ἡμᾶς
1254 2075 1257 2079 -

163 2153 212 2233 εἷς
223 2147 438 2253 πειρασμὸν,
455 2149 571 2235 καθὼς
589 2147 684 2230 εἶπεν
703 2152 723 2230 ὁ
744 2150 886 2255 Κύριος·
916 2150 970 2231 Td
988 2148 1053 2250 μὲν
1071 2159 1209 2252 πνεῦμα

4 2304 68 2354 Mat.
75 2306 144 2355 xxvi.
163 2274 361 2383 πρόθυμον,
381 2276 404 2378 ἢ
424 2277 462 2358 δὲ
479 2278 580 2386 σάρξ
596 2277 761 2378 ἀσθενής.
1219 2311 1246 2373 15

1 2381 42 2430 μ’
219 2405 265 2506 η’.
299 2409 556 2492 Ἀδιολείπτως
584 2409 644 2489 οὖν
670 2415 991 2513 προσκαρτερῶμεν
1018 2414 1063 2514 τῇ
1090 2411 1208 2490 ἐλπίδι

163 2536 277 2635 ἡμῶν,
306 2540 364 2616 καὶ
392 2542 442 2644 τῷ
472 2539 652 2642 ἀρῥαβῶνι
680 2541 744 2636 τῆς
771 2535 995 2637 δικαιοσύνης
1023 2537 1138 2637 ἡμῶν,
1169 2537 1207 2622 ὅς

165 2828 195 2874 et
213 2816 263 2891 qui
280 2813 337 2872 bin
353 2815 531 2892 hypocrisim
547 2825 666 2890 portant
706 2835 781 2880 rum,
797 2827 828 2872 et
845 2816 931 2872 falsas
950 2816 1105 2883 doctrinas,
1122 2817 1159 2874 ad
1172 2817 1205 2874 il-

109 2946 110 2950 ,
164 2915 273 2954 nomen
300 2894 434 2961 Domini
455 2896 505 2969 qui
533 2897 665 2952 aberrare
705 2895 755 2952 lud
770 2897 847 2970 quod
867 2896 1005 2952 traditum
1025 2910 1069 2952 est
1087 2898 1206 2956 nobise

164 2978 276 3035 faciunt
289 2978 391 3034 inanes
405 2976 548 3033 homines.
705 2976 848 3050 principio
872 2976 994 3031 verbum
1014 2989 1205 3037 revertamur.

204 3059 273 3116 VII.
305 3058 409 3115 Omnis
430 3057 509 3114 enim
528 3056 595 3132 equi
615 3075 665 3112 ποι
706 3052 826 3112 dsobrii
851 3056 940 3112 simus
961 3056 993 3111 in
1015 3057 1205 3126 orationibus,

163 3141 405 3217 eonfitetnrdesum
416 3139 551 3196 Christum
561 3139 589 3194 ιἰι
600 3156 661 3193 cnr·
704 3148 734 3194 et
744 3136 857 3215 jejunia
871 3137 1044 3203 tolerantes3
1061 3139 1204 3214 supplica-

162 3243 195 3279 ne
210 3223 320 3288 emisse,
339 3222 388 3279 hic
398 3220 584 3278 Antichristus
600 3230 661 3284 est;
703 3218 831 3276 tionibus
845 3229 978 3294 petentes
992 3220 1123 3276 omniurn
1140 3241 1204 3296 per-

164 3316 194 3361 et
207 3305 257 3380 qui
275 3323 336 3361 non
355 3305 510 3361 confitetur
527 3301 661 3376 martyri·
704 3311 867 3376 spectorem
890 3301 1059 3368 Dominum,
1082 3310 1136 3358 ene
1159 3323 1207 3360 nos

163 3405 214 3442 um
233 3386 336 3450 crucis,
359 3403 392 3441 ex
412 3384 528 3441 diabolo
550 3394 610 3441 est:
632 3393 663 3439 et
703 3383 860 3439 induratio
882 3383 1072 3439 tentationem:
1103 3402 1205 3441 seeun-
1296 3408 1298 3413 ·

164 3467 214 3541 qui
232 3465 392 3523 deviaverit
410 3466 525 3540 eloquio
544 3464 664 3522 Domini
705 3465 775 3522 dum
786 3464 863 3538 quod
872 3464 944 3521 dixit
953 3464 1109 3530 Dominus3
1124 3462 1203 3539 fSpi-

163 3546 200 3604 ad
217 3547 336 3623 propria
351 3546 502 3613 desideria,
518 3558 548 3604 et
561 3546 665 3604 dixerit
705 3546 775 3602 ritus
795 3545 898 3621 quidem
913 3555 1055 3620 promptus
1075 3555 1124 3612 est,
1140 3565 1206 3603 οονο

162 3646 259 3702 neque
286 3628 539 3694 resurrectionem,
568 3645 664 3702 neque
705 3636 793 3684 actem
806 3628 923 3703 infirmo.

159 3709 301 3786 judicium
323 3728 395 3776 esse,
416 3710 464 3766 hic
486 3707 661 3787 primogeni-
743 3708 828 3766 VIII.
850 3707 1055 3766 Indeficienter
1072 3727 1141 3786 ergo
1158 3719 1204 3765 to-

162 3802 209 3847 tus
224 3801 268 3847 est
282 3789 407 3848 Satanae.
450 3791 572 3866 Propter
585 3788 663 3864 quod
702 3790 829 3847 letemus
846 3802 966 3866 propter
978 3809 1060 3864 spem
1074 3800 1203 3846 nostram

161 3872 360 3946 relinquentes
376 3872 536 3930 vanitatem
555 3871 661 3928 multo·
704 3882 734 3928 et
746 3872 850 3949 pignus
861 3872 991 3949 justitie,
1005 3871 1082 3947 quod
1097 3881 1140 3928 est
1152 3871 1204 3928 Je-

583 4087 628 4132 Εο
635 4085 721 4133 Smttht
732 4087 785 4133 edit.

195 4183 397 4237 8'Aae07ttiaeorete.
476 4185 625 4233 ιῬοιίιιυιίι
635 4186 759 4244 λγροονίςὶ.
839 4183 942 4231 choh.
956 4185 987 4230 iv.
1000 4199 1023 4242 3.
1098 4183 1194 4230 drPet
1293 4185 1297 4192 '

162 4250 193 4296 iv.
208 4261 228 4312 7.
297 4262 309 4290 e
321 4251 383 4298 Mat.
396 4250 427 4298 vi.
444 4265 480 4311 13.
547 4252 557 4289 f
569 4251 631 4298 Mat.
643 4250 710 4296 xxvi.
721 4263 761 4308 41·
