2678 4830
318 400 321 405 .
385 334 580 399 CONTRA
603 336 829 402 HAERESIN
854 339 1016 405 NOETI.
1183 343 1226 410 67

177 537 303 601 ματος,
326 504 492 585 δεικνύων
514 505 569 585 ὅτι
593 514 664 592 πᾶς
687 506 726 592 ie
747 506 792 588 ἂν
813 509 850 588 ἕν
868 544 902 588 τι
920 510 1055 590 τούτων
1075 515 1218 620 ἐκλίπῃ,

176 632 319 716 τελείως
332 629 429 712 Θεὸν
440 634 503 712 οὐκ
517 632 702 740 ἐδόξασεν.
723 634 781 714 διὰ
798 635 871 739 γὰρ
888 641 952 735 τῆς
965 637 1119 740 Τριάδος
1131 640 1219 720 ταό·

175 789 239 856 της
260 754 391 861 Πατὴρ
414 757 610 864 δοξάζεται.
660 758 789 864 Πατὴρ
817 760 889 864 γὰρ
916 763 1109 864 ἠθέλησεν,
1134 764 1221 850 Υἱὸς

174 884 356 983 ἐποίησεν,
371 890 522 985 Πνεῦμα
533 888 771 993 ἐφανέρωσεν.
803 892 930 966 Πᾶσαι
945 891 1063 969 τοίνυν
1076 896 1112 968 αῖ
1126 924 1218 994 γρα-

144 1012 240 1116 ςφαὶ
256 1014 339 1117 περὶ
356 1011 483 1093 τούτου
500 1012 740 1118 κηρύσσουσι.

229 1136 282 1218 ιε’.
313 1141 423 1219 Ἀλλ’
446 1143 520 1244 ἐρεῖ
542 1142 608 1239 μοί
628 1171 694 1226 τις·
724 1140 828 1248 ξένον
854 1177 916 1242 μοι
938 1144 1070 1250 φέρεις,
1097 1143 1221 1247 Λόγον

172 1262 292 1365 λέγων
316 1263 418 1346 Υῖόν.
458 1264 626 1368 Ἰωάννης
650 1265 717 1367 μὲν
744 1267 817 1373 γὰρ
844 1268 943 1370 λε’γει
968 1267 1105 1371 Λόγον,
1132 1275 1218 1352 ἀλλ’

172 1390 298 1476 ἄλλως
311 1395 520 1496 ἀλληγορεῖ.
540 1397 608 1491 (for.
621 1395 707 1472 ἀλλ’
723 1398 932 1499 ἀλληγορεῖ.
964 1397 1044 1475 Οὐκ
1058 1400 1220 1500 ἀλληγο-

156 1571 159 1574 ›
170 1525 236 1620 ρεῖ.
264 1536 325 1594 vid.
344 1530 473 1625 notam.)
502 1522 614 1605 οὕτως
634 1520 707 1625 γὰρ
730 1520 897 1601 δεικνύων
923 1520 987 1602 τὸν
1011 1521 1133 1625 Λόγον
1156 1535 1220 1606 τοῦ

127 1675 162 1716 10
172 1650 268 1724 Θεοῦ
291 1653 419 1727 τοῦτον
442 1646 530 1727 ὄντα
552 1648 613 1729 ἀπ’
633 1651 747 1753 ἀρχῆς
771 1651 829 1727 καὶ
847 1657 910 1727 νῦν
928 1651 1215 1751 ἀπεσταλμένον,

172 1770 311 1866 ὑποβὰς
329 1776 430 1879 ε’ντῇ
454 1774 709 1881 Ἀποκοιλιίψει
727 1775 809 1884 ἔφη·
843 1778 915 1855 Καὶ
932 1776 1008 1855 ’ίδον
1026 1774 1089 1857 τὸν
1107 1781 1216 1882 οὐρα·

172 1895 233 1978 νδν
258 1900 495 2008 ἠνεῳγμένον,
516 1904 575 2005 καὶ
600 1901 676 1980 ἰδοὺ
700 1902 809 1987 ἵππος
832 1902 958 1988 λευκὸς
981 1907 1040 1983 καὶ
1063 1904 1214 2006 ὀκαθῆ·

170 2061 277 2126 μενος
300 2029 355 2108 ἐπ’
375 2030 484 2108 αὐτοῦ
507 2027 639 2113 πιστὸς
663 2032 721 2108 καὶ
742 2027 924 2130 ἀληθινὸς,
946 2036 1005 2110 καὶ
1023 2034 1061 2111 ἐν
1080 2036 1214 2113 δικαιο-

170 2151 265 2259 σύνῃ
295 2160 407 2257 κρινεῖ
432 2157 491 2234 καὶ
522 2162 685 2254 πολεμεῖ.
747 2160 797 2235 Oi
829 2154 867 2235 δὲ
895 2157 1080 2264 ὀφθαλμοὶ
1110 2160 1218 2239 αὐτοῦ

125 2309 158 2371 15
171 2278 276 2389 φλὸξ
289 2278 413 2384 πυρός.
445 2279 645 2381 διαδήματα
661 2282 789 2362 πολλὰ
807 2283 865 2362 ἐπὶ
881 2280 948 2382 τὴν
966 2283 1131 2391 κεφαλὴν
1149 2287 1213 2364 αὖ·

169 2415 247 2505 τοῦ,
278 2408 371 2512 ἔχων
398 2405 512 2507 ὄνομα
535 2408 783 2513 γεγραμμένον
811 2407 831 2488 ὃ
859 2410 971 2495 οὐδεὶς
998 2406 1091 2488 οἶδεν
1114 2415 1143 2488 εί
1165 2409 1216 2510 μὴ

169 2530 290 2633 αὐτὸς,
307 2537 366 2614 καὶ
382 2535 690 2639 περιβεβλημένος
708 2535 848 2634 ὶμοίτων
866 2535 1140 2639 ε’ῤῥαιπισμένον
1158 2537 1213 2615 αί·

168 2695 267 2760 ματι.
313 2664 372 2741 καὶ
401 2663 570 2762 κέκληται
600 2661 642 2742 τὸ
673 2661 786 2760 ὄνομα
816 2663 923 2741 αὐτοῦ
952 2663 972 2740 ὃ
1003 2658 1124 2763 Λόγος
1153 2671 1218 2742 τοῦ

169 2793 277 2869 Θεοῦ.
327 2790 461 2892 Ὀρῖιτε
488 2790 565 2887 οὖν,
596 2791 764 2896 ἀδελφοὶ,
795 2795 872 2875 πῶς
900 2791 938 2868 ε’ν
965 2787 1147 2897 συμβόλῳ
1174 2787 1216 2870 τδ

169 2999 202 3058 ti.
237 2999 346 3057 Docuit
363 3000 421 3066 hic,
442 2999 521 3075 quod
540 3001 671 3076 quicum·
713 3000 853 3078 legoriem
871 3001 1100 3077 interpretatur:
1123 3001 1163 3058 sie
1185 3019 1215 3059 e·

169 3098 227 3154 que
247 3099 339 3137 unum
354 3081 424 3156 quid
442 3081 547 3137 horum
567 3081 672 3137 omise-
713 3082 776 3138 nim
787 3081 944 3139 ostendens
954 3082 1011 3139 hoc
1019 3081 1151 3139 Verbum
1161 3081 1218 3139 Dei

168 3160 218 3225 rit,
232 3160 258 3217 is
271 3160 400 3236 perfecte
420 3162 516 3218 Deum
533 3180 593 3218 non
613 3162 673 3238 glo·
715 3161 793 3236 quod
816 3162 852 3218 ab
874 3162 958 3218 initio
981 3171 1054 3225 erat,
1080 3172 1110 3216 et
1136 3179 1217 3217 nunc

168 3240 302 3299 rifieavit.
325 3242 382 3299 Per
393 3241 471 3298 hanc
486 3242 565 3298 enim
578 3241 673 3297 Trini·
715 3242 835 3298 missum
849 3253 903 3306 est,
919 3239 990 3297 dixit
1003 3250 1115 3315 postea,
1130 3240 1161 3295 in
1175 3241 1215 3295 A·

169 3331 261 3378 tatem
275 3322 362 3379 Peter
375 3322 563 3399 glorificetur.
588 3323 675 3378 Pater
713 3321 880 3397 pocalypsi:
896 3319 958 3376 8Ει
970 3319 1028 3375 vidi
1038 3319 1128 3374 celum
1139 3337 1218 3392 aper-

169 3401 248 3458 enim
263 3403 368 3468 voluit,
383 3403 473 3458 Filius
486 3401 567 3467 fecit,
583 3400 672 3476 spiri·
714 3411 779 3466 tum,
795 3409 822 3457 et
837 3418 897 3456 ecce
909 3418 991 3475 equus
1009 3399 1104 3455 albus:
1127 3407 1154 3456 et
1172 3400 1218 3475 qui

168 3492 215 3538 tue
235 3480 361 3540 Sanetus
379 3481 567 3539 manifestum
582 3481 672 3539 fecit:
713 3482 822 3539 sedebat
846 3481 873 3536 ιἰι
895 3499 935 3544 ιο,
954 3479 1050 3555 fidelis
1072 3487 1100 3535 et
1121 3498 1216 3546 verae,

168 3580 273 3619 omnes
290 3563 379 3640 igitur
396 3561 553 3638 Scripturae
567 3562 604 3619 de
618 3563 674 3618 hoc
715 3571 741 3618 et
761 3563 788 3617 in
801 3561 914 3634 justitia
928 3561 1039 3633 judicat
1059 3568 1086 3615 et
1100 3571 1217 3634 ραρποι.

166 3642 337 3718 praedicent.
717 3641 797 3699 Oculi
810 3643 868 3715 ιηἰιο
883 3641 954 3697 sicut
966 3641 1079 3716 flamma
1096 3642 1176 3716 ἰραίς,
1192 3651 1219 3699 et

207 3723 276 3779 XV.
300 3721 360 3780 Sed
372 3722 453 3780 dicet
466 3723 538 3779 mihi
553 3721 672 3797 aliquis:
714 3723 742 3778 in
763 3723 851 3796 capite
868 3723 926 3794 η’νο
945 3722 1096 3778 ἀὶοάιηιατα
1114 3722 1199 3779 multa
1208 3747 1218 3789 ς

166 3802 288 3860 Novum
315 3803 439 3860 verbum
476 3802 547 3859 mihi
579 3802 673 3867 affers,
716 3802 815 3859 habens
831 3821 923 3858 nomen
941 3803 1071 3876 temptum
1090 3804 1161 3877 quod
1173 3821 1218 3859 ne-

168 3899 234 3939 eum
248 3883 356 3940 Filium
370 3901 469 3940 voces.
497 3883 628 3939 Joannes
643 3899 674 3938 e·
715 3901 757 3938 mo
778 3883 852 3938 novit
871 3883 925 3938 nisi
944 3883 1009 3956 ipre.
1044 3882 1088 3939 Et
1107 3883 1220 3940 vestitus

166 3962 229 4018 nim
242 3962 376 4020 Verbum
392 3962 510 4037 quidem
529 3961 608 4026 dicit,
623 3960 674 4018 sed
715 3970 776 4018 erat
796 3971 869 4019 veste
890 3981 1001 4036 aspersa
1022 3964 1170 4037 sanquine:
1192 3970 1219 4019 et

167 4041 252 4100 aliter
268 4061 323 4119 per
342 4042 512 4120 allegoriam
532 4042 674 4116 interpre·
715 4051 837 4098 vocatum
856 4051 896 4098 est
912 4061 1004 4099 nomen
1020 4045 1087 4116 ejus,
1104 4041 1219 4097 Verbum

167 4130 255 4180 tatur.
282 4123 379 4180 Immo
393 4141 454 4180 non
469 4122 554 4179 aliter
567 4140 620 4196 per
633 4122 674 4178 el·
715 4122 781 4179 Dei.
796 4122 903 4180 Videte
914 4123 1012 4199 igitur,
1024 4121 1137 4185 fratres,
1148 4138 1219 4193 quo-

569 4260 590 4295 *
600 4256 700 4318 Apoetl.
712 4257 763 4304 xix.
778 4271 814 4304 11.

688 4357 706 4399 F
724 4355 741 4402 2
