<?xml version="1.0" encoding="UTF-8"?>
<!DOCTYPE html PUBLIC "-//W3C//DTD XHTML 1.0 Transitional//EN"
    "http://www.w3.org/TR/xhtml1/DTD/xhtml1-transitional.dtd">
<html xmlns="http://www.w3.org/1999/xhtml" xml:lang="en" lang="en">
 <head>
  <title>
</title>
<meta http-equiv="Content-Type" content="text/html;charset=utf-8" />
  <meta name='ocr-system' content='tesseract 3.04.00' />
  <meta name='ocr-capabilities' content='ocr_page ocr_carea ocr_par ocr_line ocrx_word'/>
</head>
<body>
  <div class='ocr_page' id='page_1' title='image "./scriptorumeccle00unkngoog_0270.png"; bbox 0 0 2678 4830; ppageno 0'>
   <div class='ocr_carea' id='block_1_1' title="bbox 277 315 1214 384">
    <p class='ocr_par' dir='ltr' id='par_1_1' title="bbox 277 315 1214 384">
     <span class='ocr_line' id='line_1_1' title="bbox 277 315 1214 384; baseline 0.002 -2"><span class='ocrx_word' id='word_1_1' title='bbox 277 318 329 383; x_wconf 92' lang='lat' dir='ltr'><strong>IN</strong></span> <span class='ocrx_word' id='word_1_2' title='bbox 350 315 539 384; x_wconf 85' lang='lat' dir='ltr'><strong>FIRMIL.</strong></span> <span class='ocrx_word' id='word_1_3' title='bbox 556 316 623 381; x_wconf 91' lang='lat' dir='ltr'><strong>AD</strong></span> <span class='ocrx_word' id='word_1_4' title='bbox 646 317 680 382; x_wconf 87' lang='lat' dir='ltr'><strong>S.</strong></span> <span class='ocrx_word' id='word_1_5' title='bbox 697 317 926 382; x_wconf 91' lang='lat' dir='ltr'><strong>CYPRIAN.</strong></span> <span class='ocrx_word' id='word_1_6' title='bbox 941 317 1094 384; x_wconf 88' lang='lat' dir='ltr'><strong>EPIST.</strong></span> <span class='ocrx_word' id='word_1_7' title='bbox 1152 320 1214 384; x_wconf 72' lang='lat' dir='ltr'><strong>aar</strong></span> 
     </span>
    </p>
   </div>
   <div class='ocr_carea' id='block_1_2' title="bbox 168 488 1221 2648">
    <p class='ocr_par' dir='ltr' id='par_1_2' title="bbox 168 488 1221 1196">
     <span class='ocr_line' id='line_1_2' title="bbox 169 488 1218 578; baseline 0.002 -24"><span class='ocrx_word' id='word_1_8' title='bbox 169 488 348 577; x_wconf 85' lang='lat' dir='ltr'><strong>scripserint</strong></span> <span class='ocrx_word' id='word_1_9' title='bbox 363 510 551 578; x_wconf 72' lang='lat' dir='ltr'><strong>coctaequeua</strong></span> <span class='ocrx_word' id='word_1_10' title='bbox 564 497 611 555; x_wconf 80' lang='lat' dir='ltr'><strong>eat</strong></span> <span class='ocrx_word' id='word_1_11' title='bbox 624 490 701 577; x_wconf 80' lang='lat' dir='ltr'><strong>quio</strong></span> <span class='ocrx_word' id='word_1_12' title='bbox 715 490 824 556; x_wconf 76' lang='lat' dir='ltr'><strong>unitas</strong></span> <span class='ocrx_word' id='word_1_13' title='bbox 838 498 905 563; x_wconf 54' lang='lat' dir='ltr'><strong>cah·</strong></span> <span class='ocrx_word' id='word_1_14' title='bbox 929 488 987 553; x_wconf 91' lang='lat' dir='ltr'><strong>nisi</strong></span> <span class='ocrx_word' id='word_1_15' title='bbox 1003 488 1029 553; x_wconf 91' lang='lat' dir='ltr'><strong>si</strong></span> <span class='ocrx_word' id='word_1_16' title='bbox 1042 489 1218 556; x_wconf 82' lang='lat' dir='ltr'><strong>maluerant</strong></span> 
     </span>
     <span class='ocr_line' id='line_1_3' title="bbox 168 574 1218 664; baseline 0.001 -24"><span class='ocrx_word' id='word_1_17' title='bbox 168 575 316 663; x_wconf 85' lang='lat' dir='ltr'>amplecti</span> <span class='ocrx_word' id='word_1_18' title='bbox 341 576 552 664; x_wconf 86' lang='lat' dir='ltr'><strong>conjecturam</strong></span> <span class='ocrx_word' id='word_1_19' title='bbox 578 575 722 656; x_wconf 91' lang='lat' dir='ltr'><strong>Pamelii,</strong></span> <span class='ocrx_word' id='word_1_20' title='bbox 748 575 804 662; x_wconf 92' lang='lat' dir='ltr'><strong>qui</strong></span> <span class='ocrx_word' id='word_1_21' title='bbox 830 590 993 640; x_wconf 85' lang='lat' dir='ltr'><strong>monuerat</strong></span> <span class='ocrx_word' id='word_1_22' title='bbox 1017 574 1051 639; x_wconf 92' lang='lat' dir='ltr'><strong>in</strong></span> <span class='ocrx_word' id='word_1_23' title='bbox 1076 575 1218 662; x_wconf 85' lang='lat' dir='ltr'><strong>margine</strong></span> 
     </span>
     <span class='ocr_line' id='line_1_4' title="bbox 169 661 1221 751; baseline 0 -24"><span class='ocrx_word' id='word_1_24' title='bbox 169 686 236 727; x_wconf 83' lang='lat' dir='ltr'><strong>suae</strong></span> <span class='ocrx_word' id='word_1_25' title='bbox 254 661 399 728; x_wconf 86' lang='lat' dir='ltr'><strong>editionis</strong></span> <span class='ocrx_word' id='word_1_26' title='bbox 416 663 585 751; x_wconf 86' lang='lat' dir='ltr'><strong>legendum</strong></span> <span class='ocrx_word' id='word_1_27' title='bbox 604 685 671 728; x_wconf 91' lang='lat' dir='ltr'><strong>esse</strong></span> <span class='ocrx_word' id='word_1_28' title='bbox 689 664 809 741; x_wconf 75' lang='lat' dir='ltr'><strong>uoltus,</strong></span> <span class='ocrx_word' id='word_1_29' title='bbox 824 661 876 727; x_wconf 92' lang='lat' dir='ltr'><strong>vel</strong></span> <span class='ocrx_word' id='word_1_30' title='bbox 894 661 1111 728; x_wconf 92' lang='lat' dir='ltr'><strong>auctoritatem</strong></span> <span class='ocrx_word' id='word_1_31' title='bbox 1126 663 1221 728; x_wconf 87' lang='lat' dir='ltr'><strong>Gou-</strong></span> 
     </span>
     <span class='ocr_line' id='line_1_5' title="bbox 169 748 1219 838; baseline 0.001 -26"><span class='ocrx_word' id='word_1_32' title='bbox 169 748 263 828; x_wconf 90' lang='lat' dir='ltr'><strong>lartii,</strong></span> <span class='ocrx_word' id='word_1_33' title='bbox 290 749 346 836; x_wconf 93' lang='lat' dir='ltr'><strong>qui</strong></span> <span class='ocrx_word' id='word_1_34' title='bbox 369 773 438 814; x_wconf 90' lang='lat' dir='ltr'><strong>eam</strong></span> <span class='ocrx_word' id='word_1_35' title='bbox 464 773 572 815; x_wconf 87' lang='lat' dir='ltr'><strong>vocem</strong></span> <span class='ocrx_word' id='word_1_36' title='bbox 597 749 703 838; x_wconf 90' lang='lat' dir='ltr'><strong>posuit</strong></span> <span class='ocrx_word' id='word_1_37' title='bbox 727 749 760 814; x_wconf 92' lang='lat' dir='ltr'><strong>in</strong></span> <span class='ocrx_word' id='word_1_38' title='bbox 784 761 947 828; x_wconf 89' lang='lat' dir='ltr'><strong>contextu,</strong></span> <span class='ocrx_word' id='word_1_39' title='bbox 971 748 1060 813; x_wconf 87' lang='lat' dir='ltr'><strong>nulla</strong></span> <span class='ocrx_word' id='word_1_40' title='bbox 1084 748 1219 814; x_wconf 89' lang='lat' dir='ltr'><strong>Pamelii</strong></span> 
     </span>
     <span class='ocr_line' id='line_1_6' title="bbox 170 835 1218 922; baseline 0.001 -23"><span class='ocrx_word' id='word_1_41' title='bbox 170 836 345 912; x_wconf 89' lang='lat' dir='ltr'><strong>mentione;</strong></span> <span class='ocrx_word' id='word_1_42' title='bbox 365 835 559 901; x_wconf 88' lang='lat' dir='ltr'><strong>Reinhartus</strong></span> <span class='ocrx_word' id='word_1_43' title='bbox 578 835 610 901; x_wconf 93' lang='lat' dir='ltr'><strong>in</strong></span> <span class='ocrx_word' id='word_1_44' title='bbox 631 859 689 901; x_wconf 90' lang='lat' dir='ltr'><strong>sua</strong></span> <span class='ocrx_word' id='word_1_45' title='bbox 707 835 843 902; x_wconf 87' lang='lat' dir='ltr'><strong>editione</strong></span> <span class='ocrx_word' id='word_1_46' title='bbox 861 835 1002 922; x_wconf 87' lang='lat' dir='ltr'><strong>reposuit</strong></span> <span class='ocrx_word' id='word_1_47' title='bbox 1022 858 1118 901; x_wconf 79' lang='lat' dir='ltr'><strong>unus.</strong></span> <span class='ocrx_word' id='word_1_48' title='bbox 1146 836 1218 900; x_wconf 77' lang='lat' dir='ltr'><strong>BA-</strong></span> 
     </span>
     <span class='ocr_line' id='line_1_7' title="bbox 171 921 1220 1010; baseline 0.002 -25"><span class='ocrx_word' id='word_1_49' title='bbox 171 944 247 986; x_wconf 81' lang='lat' dir='ltr'><strong>nnz.</strong></span> <span class='ocrx_word' id='word_1_50' title='bbox 282 924 383 989; x_wconf 86' lang='lat' dir='ltr'><strong>Extat</strong></span> <span class='ocrx_word' id='word_1_51' title='bbox 396 922 430 987; x_wconf 94' lang='lat' dir='ltr'><strong>in</strong></span> <span class='ocrx_word' id='word_1_52' title='bbox 444 923 530 989; x_wconf 93' lang='lat' dir='ltr'><strong>Novi</strong></span> <span class='ocrx_word' id='word_1_53' title='bbox 546 923 628 988; x_wconf 90' lang='lat' dir='ltr'><strong>Coll.</strong></span> <span class='ocrx_word' id='word_1_54' title='bbox 640 924 747 988; x_wconf 90' lang='lat' dir='ltr'><strong>codice</strong></span> <span class='ocrx_word' id='word_1_55' title='bbox 760 925 838 1010; x_wconf 79' lang='lat' dir='ltr'><strong>quia</strong></span> <span class='ocrx_word' id='word_1_56' title='bbox 852 946 935 988; x_wconf 89' lang='lat' dir='ltr'><strong>unus</strong></span> <span class='ocrx_word' id='word_1_57' title='bbox 949 933 1006 1002; x_wconf 79' lang='lat' dir='ltr'><strong>eat,</strong></span> <span class='ocrx_word' id='word_1_58' title='bbox 1041 922 1106 985; x_wconf 94' lang='lat' dir='ltr'><strong>uod</strong></span> <span class='ocrx_word' id='word_1_59' title='bbox 1119 921 1220 988; x_wconf 91' lang='lat' dir='ltr'><strong>edidit</strong></span> 
     </span>
     <span class='ocr_line' id='line_1_8' title="bbox 172 1007 1219 1098; baseline 0.001 -26"><span class='ocrx_word' id='word_1_60' title='bbox 172 1007 334 1074; x_wconf 88' lang='lat' dir='ltr'><strong>Baluzius.</strong></span> <span class='ocrx_word' id='word_1_61' title='bbox 365 1010 612 1098; x_wconf 79' lang='lat' dir='ltr'><strong>Legerim,quio</strong></span> <span class='ocrx_word' id='word_1_62' title='bbox 630 1011 720 1075; x_wconf 90' lang='lat' dir='ltr'><strong>Deus</strong></span> <span class='ocrx_word' id='word_1_63' title='bbox 734 1031 820 1075; x_wconf 78' lang='lat' dir='ltr'><strong>uuus</strong></span> <span class='ocrx_word' id='word_1_64' title='bbox 834 1022 891 1088; x_wconf 91' lang='lat' dir='ltr'><strong>est,</strong></span> <span class='ocrx_word' id='word_1_65' title='bbox 905 1009 939 1074; x_wconf 93' lang='lat' dir='ltr'><strong>id</strong></span> <span class='ocrx_word' id='word_1_66' title='bbox 953 1032 998 1096; x_wconf 95' lang='lat' dir='ltr'><strong>qu</strong></span> <span class='ocrx_word' id='word_1_67' title='bbox 1057 1007 1219 1095; x_wconf 90' lang='lat' dir='ltr'><strong>sequentia</strong></span> 
     </span>
     <span class='ocr_line' id='line_1_9' title="bbox 170 1093 1218 1196; baseline 0 -38"><span class='ocrx_word' id='word_1_68' title='bbox 170 1095 267 1160; x_wconf 89' lang='lat' dir='ltr'><strong>verba</strong></span> <span class='ocrx_word' id='word_1_69' title='bbox 280 1095 422 1160; x_wconf 87' lang='lat' dir='ltr'><strong>suadent.</strong></span> <span class='ocrx_word' id='word_1_70' title='bbox 448 1098 532 1169; x_wconf 82' lang='lat' dir='ltr'><strong>Quia</strong></span> <span class='ocrx_word' id='word_1_71' title='bbox 546 1118 605 1184; x_wconf 91' lang='lat' dir='ltr'><strong>pro</strong></span> <span class='ocrx_word' id='word_1_72' title='bbox 614 1097 697 1196; x_wconf 80' lang='lat' dir='ltr'><strong>quod</strong></span> <span class='ocrx_word' id='word_1_73' title='bbox 710 1096 797 1184; x_wconf 91' lang='lat' dir='ltr'><strong>apud</strong></span> <span class='ocrx_word' id='word_1_74' title='bbox 811 1096 869 1160; x_wconf 89' lang='lat' dir='ltr'><strong>hos</strong></span> <span class='ocrx_word' id='word_1_75' title='bbox 883 1095 1047 1183; x_wconf 83' lang='lat' dir='ltr'><strong>scriptores</strong></span> <span class='ocrx_word' id='word_1_76' title='bbox 1061 1093 1218 1160; x_wconf 86' lang='lat' dir='ltr'><strong>scribitur.</strong></span> 
     </span>
    </p>

    <p class='ocr_par' dir='ltr' id='par_1_3' title="bbox 170 1181 1221 2648">
     <span class='ocr_line' id='line_1_10' title="bbox 214 1181 1218 1269; baseline 0 -23"><span class='ocrx_word' id='word_1_77' title='bbox 214 1183 254 1246; x_wconf 88' lang='lat' dir='ltr'><strong>P.</strong></span> <span class='ocrx_word' id='word_1_78' title='bbox 267 1201 342 1263; x_wconf 77' lang='lat'><strong>240.</strong></span> <span class='ocrx_word' id='word_1_79' title='bbox 355 1182 377 1247; x_wconf 91' lang='lat' dir='ltr'><strong>l.</strong></span> <span class='ocrx_word' id='word_1_80' title='bbox 392 1204 421 1267; x_wconf 93' lang='lat'><strong>9.</strong></span> <span class='ocrx_word' id='word_1_81' title='bbox 444 1182 729 1269; x_wconf 75' lang='lat' dir='ltr'><strong>pseudochristum]</strong></span> <span class='ocrx_word' id='word_1_82' title='bbox 750 1182 915 1248; x_wconf 87' lang='lat' dir='ltr'><strong>Imitatum</strong></span> <span class='ocrx_word' id='word_1_83' title='bbox 935 1195 982 1247; x_wconf 86' lang='lat' dir='ltr'><strong>est</strong></span> <span class='ocrx_word' id='word_1_84' title='bbox 1001 1181 1087 1246; x_wconf 87' lang='lat' dir='ltr'><strong>istud</strong></span> <span class='ocrx_word' id='word_1_85' title='bbox 1109 1204 1149 1246; x_wconf 88' lang='lat' dir='ltr'><strong>ex</strong></span> <span class='ocrx_word' id='word_1_86' title='bbox 1166 1204 1218 1246; x_wconf 91' lang='lat' dir='ltr'><strong>ca·</strong></span> 
     </span>
     <span class='ocr_line' id='line_1_11' title="bbox 170 1262 1219 1356; baseline 0.002 -26"><span class='ocrx_word' id='word_1_87' title='bbox 170 1267 236 1354; x_wconf 84' lang='lat' dir='ltr'><strong>pite</strong></span> <span class='ocrx_word' id='word_1_88' title='bbox 250 1267 416 1333; x_wconf 89' lang='lat' dir='ltr'><strong>undecimo</strong></span> <span class='ocrx_word' id='word_1_89' title='bbox 430 1267 584 1356; x_wconf 70' lang='lat' dir='ltr'><strong>Epistulae</strong></span> <span class='ocrx_word' id='word_1_90' title='bbox 596 1270 750 1334; x_wconf 85' lang='lat' dir='ltr'><strong>Secundae</strong></span> <span class='ocrx_word' id='word_1_91' title='bbox 760 1267 854 1335; x_wconf 89' lang='lat' dir='ltr'><strong>Pauli</strong></span> <span class='ocrx_word' id='word_1_92' title='bbox 864 1269 906 1333; x_wconf 89' lang='lat' dir='ltr'><strong>ad</strong></span> <span class='ocrx_word' id='word_1_93' title='bbox 918 1267 1108 1334; x_wconf 88' lang='lat' dir='ltr'><strong>Corinthios.</strong></span> <span class='ocrx_word' id='word_1_94' title='bbox 1131 1262 1219 1332; x_wconf 87' lang='lat' dir='ltr'><strong>Hinc</strong></span> 
     </span>
     <span class='ocr_line' id='line_1_12' title="bbox 170 1353 1218 1442; baseline 0.002 -23"><span class='ocrx_word' id='word_1_95' title='bbox 170 1367 271 1441; x_wconf 88' lang='lat' dir='ltr'><strong>patet,</strong></span> <span class='ocrx_word' id='word_1_96' title='bbox 284 1353 388 1441; x_wconf 92' lang='lat' dir='ltr'><strong>inquit</strong></span> <span class='ocrx_word' id='word_1_97' title='bbox 402 1355 572 1434; x_wconf 89' lang='lat' dir='ltr'><strong>Pamelius,</strong></span> <span class='ocrx_word' id='word_1_98' title='bbox 587 1354 815 1420; x_wconf 87' lang='lat' dir='ltr'><strong>vehementiam</strong></span> <span class='ocrx_word' id='word_1_99' title='bbox 832 1354 972 1442; x_wconf 76' lang='lat' dir='ltr'><strong>epistolae</strong></span> <span class='ocrx_word' id='word_1_100' title='bbox 992 1353 1144 1442; x_wconf 90' lang='lat' dir='ltr'><strong>Stephani</strong></span> <span class='ocrx_word' id='word_1_101' title='bbox 1161 1377 1218 1441; x_wconf 65' lang='lat' dir='ltr'><strong>pa·,</strong></span> 
     </span>
     <span class='ocr_line' id='line_1_13' title="bbox 170 1440 1219 1527; baseline 0.001 -24"><span class='ocrx_word' id='word_1_102' title='bbox 170 1463 221 1527; x_wconf 90' lang='lat' dir='ltr'><strong>pae</strong></span> <span class='ocrx_word' id='word_1_103' title='bbox 241 1440 275 1503; x_wconf 93' lang='lat' dir='ltr'><strong>in</strong></span> <span class='ocrx_word' id='word_1_104' title='bbox 296 1463 391 1504; x_wconf 91' lang='lat' dir='ltr'><strong>causa</strong></span> <span class='ocrx_word' id='word_1_105' title='bbox 411 1441 507 1506; x_wconf 87' lang='lat' dir='ltr'><strong>fuisse</strong></span> <span class='ocrx_word' id='word_1_106' title='bbox 527 1464 585 1507; x_wconf 92' lang='lat' dir='ltr'><strong>cur</strong></span> <span class='ocrx_word' id='word_1_107' title='bbox 606 1453 672 1506; x_wconf 91' lang='lat' dir='ltr'><strong>tam</strong></span> <span class='ocrx_word' id='word_1_108' title='bbox 690 1441 891 1506; x_wconf 90' lang='lat' dir='ltr'><strong>vehementer</strong></span> <span class='ocrx_word' id='word_1_109' title='bbox 909 1440 1003 1505; x_wconf 88' lang='lat' dir='ltr'><strong>etiam</strong></span> <span class='ocrx_word' id='word_1_110' title='bbox 1022 1454 1131 1505; x_wconf 87' lang='lat' dir='ltr'><strong>contra</strong></span> <span class='ocrx_word' id='word_1_111' title='bbox 1145 1462 1219 1504; x_wconf 90' lang='lat' dir='ltr'><strong>eum</strong></span> 
     </span>
     <span class='ocr_line' id='line_1_14' title="bbox 171 1526 1219 1615; baseline 0 -25"><span class='ocrx_word' id='word_1_112' title='bbox 171 1526 341 1592; x_wconf 90' lang='lat' dir='ltr'><strong>scriberent</strong></span> <span class='ocrx_word' id='word_1_113' title='bbox 355 1527 534 1615; x_wconf 89' lang='lat' dir='ltr'><strong>Cyprianus</strong></span> <span class='ocrx_word' id='word_1_114' title='bbox 545 1541 577 1593; x_wconf 92' lang='lat' dir='ltr'><strong>et</strong></span> <span class='ocrx_word' id='word_1_115' title='bbox 592 1527 803 1592; x_wconf 85' lang='lat' dir='ltr'><strong>Firmilianus.</strong></span> <span class='ocrx_word' id='word_1_116' title='bbox 825 1528 926 1592; x_wconf 89' lang='lat' dir='ltr'><strong>Recte</strong></span> <span class='ocrx_word' id='word_1_117' title='bbox 941 1550 1024 1592; x_wconf 90' lang='lat' dir='ltr'><strong>sane.</strong></span> <span class='ocrx_word' id='word_1_118' title='bbox 1047 1528 1121 1590; x_wconf 92' lang='lat' dir='ltr'><strong>Non</strong></span> <span class='ocrx_word' id='word_1_119' title='bbox 1136 1526 1219 1590; x_wconf 89' lang='lat' dir='ltr'><strong>enim</strong></span> 
     </span>
     <span class='ocr_line' id='line_1_15' title="bbox 171 1611 1220 1700; baseline 0.001 -23"><span class='ocrx_word' id='word_1_120' title='bbox 171 1612 257 1677; x_wconf 93' lang='lat' dir='ltr'><strong>aliud</strong></span> <span class='ocrx_word' id='word_1_121' title='bbox 278 1636 381 1678; x_wconf 88' lang='lat' dir='ltr'><strong>causae</strong></span> <span class='ocrx_word' id='word_1_122' title='bbox 403 1614 532 1692; x_wconf 88' lang='lat' dir='ltr'><strong>exstitit,</strong></span> <span class='ocrx_word' id='word_1_123' title='bbox 554 1636 611 1679; x_wconf 90' lang='lat' dir='ltr'><strong>cur</strong></span> <span class='ocrx_word' id='word_1_124' title='bbox 633 1612 845 1692; x_wconf 87' lang='lat' dir='ltr'><strong>Firmilianus,</strong></span> <span class='ocrx_word' id='word_1_125' title='bbox 868 1613 978 1700; x_wconf 92' lang='lat' dir='ltr'><strong>quiin</strong></span> <span class='ocrx_word' id='word_1_126' title='bbox 1001 1626 1068 1676; x_wconf 88' lang='lat' dir='ltr'><strong>tota</strong></span> <span class='ocrx_word' id='word_1_127' title='bbox 1088 1611 1220 1699; x_wconf 90' lang='lat' dir='ltr'><strong>epistola</strong></span> 
     </span>
     <span class='ocr_line' id='line_1_16' title="bbox 172 1697 1218 1798; baseline 0 -36"><span class='ocrx_word' id='word_1_128' title='bbox 172 1721 331 1762; x_wconf 92' lang='lat' dir='ltr'><strong>summum</strong></span> <span class='ocrx_word' id='word_1_129' title='bbox 345 1722 483 1766; x_wconf 90' lang='lat' dir='ltr'><strong>amorem</strong></span> <span class='ocrx_word' id='word_1_130' title='bbox 498 1699 627 1764; x_wconf 89' lang='lat' dir='ltr'><strong>unitatis</strong></span> <span class='ocrx_word' id='word_1_131' title='bbox 641 1698 790 1778; x_wconf 89' lang='lat' dir='ltr'><strong>declarat,</strong></span> <span class='ocrx_word' id='word_1_132' title='bbox 801 1699 844 1764; x_wconf 88' lang='lat' dir='ltr'><strong>sic</strong></span> <span class='ocrx_word' id='word_1_133' title='bbox 855 1712 959 1764; x_wconf 88' lang='lat' dir='ltr'><strong>tamen</strong></span> <span class='ocrx_word' id='word_1_134' title='bbox 973 1699 1006 1762; x_wconf 93' lang='lat' dir='ltr'><strong>in</strong></span> <span class='ocrx_word' id='word_1_135' title='bbox 1023 1697 1218 1798; x_wconf 87' lang='lat' dir='ltr'><strong>Stephanum</strong></span> 
     </span>
     <span class='ocr_line' id='line_1_17' title="bbox 171 1784 1219 1884; baseline 0.001 -36"><span class='ocrx_word' id='word_1_136' title='bbox 171 1784 349 1865; x_wconf 90' lang='lat' dir='ltr'><strong>invehatur,</strong></span> <span class='ocrx_word' id='word_1_137' title='bbox 365 1801 402 1851; x_wconf 93' lang='lat' dir='ltr'><strong>ut</strong></span> <span class='ocrx_word' id='word_1_138' title='bbox 423 1809 495 1852; x_wconf 92' lang='lat' dir='ltr'><strong>enm</strong></span> <span class='ocrx_word' id='word_1_139' title='bbox 516 1784 737 1873; x_wconf 89' lang='lat' dir='ltr'><strong>disputationis</strong></span> <span class='ocrx_word' id='word_1_140' title='bbox 753 1798 832 1850; x_wconf 83' lang='lat' dir='ltr'><strong>aestu</strong></span> <span class='ocrx_word' id='word_1_141' title='bbox 853 1785 1022 1874; x_wconf 86' lang='lat' dir='ltr'><strong>abreptum</strong></span> <span class='ocrx_word' id='word_1_142' title='bbox 1042 1785 1140 1850; x_wconf 90' lang='lat' dir='ltr'><strong>fu1sse</strong></span> <span class='ocrx_word' id='word_1_143' title='bbox 1160 1807 1219 1884; x_wconf 90' lang='lat' dir='ltr'><strong>pa·</strong></span> 
     </span>
     <span class='ocr_line' id='line_1_18' title="bbox 172 1869 1219 1971; baseline 0 -36"><span class='ocrx_word' id='word_1_144' title='bbox 172 1885 247 1936; x_wconf 89' lang='lat' dir='ltr'><strong>teat.</strong></span> <span class='ocrx_word' id='word_1_145' title='bbox 292 1872 381 1936; x_wconf 93' lang='lat' dir='ltr'><strong>Nihil</strong></span> <span class='ocrx_word' id='word_1_146' title='bbox 398 1873 499 1937; x_wconf 87' lang='lat' dir='ltr'><strong>lenius</strong></span> <span class='ocrx_word' id='word_1_147' title='bbox 517 1897 554 1937; x_wconf 88' lang='lat' dir='ltr'><strong>ac</strong></span> <span class='ocrx_word' id='word_1_148' title='bbox 574 1871 757 1971; x_wconf 89' lang='lat' dir='ltr'><strong>placabilius</strong></span> <span class='ocrx_word' id='word_1_149' title='bbox 780 1871 951 1959; x_wconf 77' lang='lat' dir='ltr'><strong>Cypriam,</strong></span> <span class='ocrx_word' id='word_1_150' title='bbox 974 1871 1106 1959; x_wconf 90' lang='lat' dir='ltr'><strong>ejusque</strong></span> <span class='ocrx_word' id='word_1_151' title='bbox 1124 1869 1219 1935; x_wconf 87' lang='lat' dir='ltr'><strong>ammi</strong></span> 
     </span>
     <span class='ocr_line' id='line_1_19' title="bbox 172 1957 1220 2036; baseline 0.002 -15"><span class='ocrx_word' id='word_1_152' title='bbox 172 1958 345 2024; x_wconf 90' lang='lat' dir='ltr'><strong>moderatio</strong></span> <span class='ocrx_word' id='word_1_153' title='bbox 358 1983 430 2025; x_wconf 95' lang='lat' dir='ltr'><strong>cum</strong></span> <span class='ocrx_word' id='word_1_154' title='bbox 449 1960 482 2024; x_wconf 92' lang='lat' dir='ltr'><strong>in</strong></span> <span class='ocrx_word' id='word_1_155' title='bbox 501 1959 647 2024; x_wconf 88' lang='lat' dir='ltr'><strong>ommbus</strong></span> <span class='ocrx_word' id='word_1_156' title='bbox 666 1958 734 2024; x_wconf 89' lang='lat' dir='ltr'><strong>aliis</strong></span> <span class='ocrx_word' id='word_1_157' title='bbox 753 1957 858 2036; x_wconf 89' lang='lat' dir='ltr'><strong>rebus,</strong></span> <span class='ocrx_word' id='word_1_158' title='bbox 874 1974 943 2023; x_wconf 90' lang='lat' dir='ltr'><strong>tum</strong></span> <span class='ocrx_word' id='word_1_159' title='bbox 964 1958 1098 2022; x_wconf 86' lang='lat' dir='ltr'><strong>maxime</strong></span> <span class='ocrx_word' id='word_1_160' title='bbox 1113 1957 1146 2020; x_wconf 91' lang='lat' dir='ltr'><strong>in</strong></span> <span class='ocrx_word' id='word_1_161' title='bbox 1160 1957 1220 2023; x_wconf 87' lang='lat' dir='ltr'><strong>hac</strong></span> 
     </span>
     <span class='ocr_line' id='line_1_20' title="bbox 171 2043 1220 2132; baseline -0.002 -24"><span class='ocrx_word' id='word_1_162' title='bbox 171 2045 212 2109; x_wconf 93' lang='lat' dir='ltr'><strong>de</strong></span> <span class='ocrx_word' id='word_1_163' title='bbox 226 2046 381 2132; x_wconf 88' lang='lat' dir='ltr'><strong>baptismo</strong></span> <span class='ocrx_word' id='word_1_164' title='bbox 395 2045 604 2111; x_wconf 89' lang='lat' dir='ltr'><strong>controversia</strong></span> <span class='ocrx_word' id='word_1_165' title='bbox 617 2044 748 2119; x_wconf 85' lang='lat' dir='ltr'><strong>enituit3</strong></span> <span class='ocrx_word' id='word_1_166' title='bbox 773 2044 827 2108; x_wconf 88' lang='lat' dir='ltr'><strong>sed</strong></span> <span class='ocrx_word' id='word_1_167' title='bbox 847 2059 951 2108; x_wconf 82' lang='lat' dir='ltr'><strong>tamen</strong></span> <span class='ocrx_word' id='word_1_168' title='bbox 970 2066 1043 2108; x_wconf 88' lang='lat' dir='ltr'><strong>eum</strong></span> <span class='ocrx_word' id='word_1_169' title='bbox 1060 2043 1220 2108; x_wconf 90' lang='lat' dir='ltr'><strong>interdum</strong></span> 
     </span>
     <span class='ocr_line' id='line_1_21' title="bbox 172 2129 1220 2197; baseline -0.003 -2"><span class='ocrx_word' id='word_1_170' title='bbox 172 2155 328 2195; x_wconf 88' lang='lat' dir='ltr'><strong>asumma</strong></span> <span class='ocrx_word' id='word_1_171' title='bbox 345 2131 398 2195; x_wconf 92' lang='lat' dir='ltr'><strong>illa</strong></span> <span class='ocrx_word' id='word_1_172' title='bbox 416 2131 543 2197; x_wconf 90' lang='lat' dir='ltr'><strong>lenitate</strong></span> <span class='ocrx_word' id='word_1_173' title='bbox 560 2131 602 2195; x_wconf 87' lang='lat' dir='ltr'><strong>ad</strong></span> <span class='ocrx_word' id='word_1_174' title='bbox 616 2130 876 2195; x_wconf 91' lang='lat' dir='ltr'><strong>vehementiorem</strong></span> <span class='ocrx_word' id='word_1_175' title='bbox 892 2153 994 2195; x_wconf 86' lang='lat' dir='ltr'><strong>causae</strong></span> <span class='ocrx_word' id='word_1_176' title='bbox 1008 2129 1220 2194; x_wconf 85' lang='lat' dir='ltr'><strong>defensionem</strong></span> 
     </span>
     <span class='ocr_line' id='line_1_22' title="bbox 172 2215 1221 2315; baseline -0.004 -33"><span class='ocrx_word' id='word_1_177' title='bbox 172 2218 327 2282; x_wconf 89' lang='lat' dir='ltr'><strong>transiisse</strong></span> <span class='ocrx_word' id='word_1_178' title='bbox 349 2219 537 2305; x_wconf 89' lang='lat' dir='ltr'><strong>perspicitur</strong></span> <span class='ocrx_word' id='word_1_179' title='bbox 559 2240 599 2280; x_wconf 86' lang='lat' dir='ltr'><strong>ex</strong></span> <span class='ocrx_word' id='word_1_180' title='bbox 621 2216 752 2315; x_wconf 89' lang='lat' dir='ltr'><strong>epistola</strong></span> <span class='ocrx_word' id='word_1_181' title='bbox 776 2216 814 2280; x_wconf 90' lang='lat' dir='ltr'><strong>ad</strong></span> <span class='ocrx_word' id='word_1_182' title='bbox 843 2215 1043 2302; x_wconf 90' lang='lat' dir='ltr'><strong>Pompeium.</strong></span> <span class='ocrx_word' id='word_1_183' title='bbox 1087 2215 1221 2279; x_wconf 91' lang='lat' dir='ltr'><strong>Videtur</strong></span> 
     </span>
     <span class='ocr_line' id='line_1_23' title="bbox 172 2300 1220 2390; baseline -0.002 -22"><span class='ocrx_word' id='word_1_184' title='bbox 172 2318 278 2368; x_wconf 90' lang='lat' dir='ltr'><strong>autem</strong></span> <span class='ocrx_word' id='word_1_185' title='bbox 290 2305 486 2390; x_wconf 87' lang='lat' dir='ltr'><strong>Cyprianum</strong></span> <span class='ocrx_word' id='word_1_186' title='bbox 502 2319 534 2367; x_wconf 93' lang='lat' dir='ltr'><strong>et</strong></span> <span class='ocrx_word' id='word_1_187' title='bbox 548 2302 766 2366; x_wconf 86' lang='lat' dir='ltr'><strong>Firmrliunum</strong></span> <span class='ocrx_word' id='word_1_188' title='bbox 780 2301 861 2366; x_wconf 92' lang='lat' dir='ltr'><strong>illud</strong></span> <span class='ocrx_word' id='word_1_189' title='bbox 875 2302 907 2365; x_wconf 93' lang='lat' dir='ltr'><strong>in</strong></span> <span class='ocrx_word' id='word_1_190' title='bbox 922 2301 1031 2389; x_wconf 91' lang='lat' dir='ltr'><strong>primis</strong></span> <span class='ocrx_word' id='word_1_191' title='bbox 1043 2300 1220 2379; x_wconf 86' lang='lat' dir='ltr'><strong>offendisse,</strong></span> 
     </span>
     <span class='ocr_line' id='line_1_24' title="bbox 172 2387 1221 2479; baseline 0 -26"><span class='ocrx_word' id='word_1_192' title='bbox 172 2391 259 2475; x_wconf 93' lang='lat' dir='ltr'><strong>quod</strong></span> <span class='ocrx_word' id='word_1_193' title='bbox 276 2389 454 2476; x_wconf 88' lang='lat' dir='ltr'><strong>Stephanus</strong></span> <span class='ocrx_word' id='word_1_194' title='bbox 468 2402 595 2479; x_wconf 89' lang='lat' dir='ltr'><strong>putaret</strong></span> <span class='ocrx_word' id='word_1_195' title='bbox 609 2388 809 2453; x_wconf 91' lang='lat' dir='ltr'><strong>abstinendos</strong></span> <span class='ocrx_word' id='word_1_196' title='bbox 822 2387 1062 2475; x_wconf 85' lang='lat' dir='ltr'><strong>rebaptizantes.</strong></span> <span class='ocrx_word' id='word_1_197' title='bbox 1084 2389 1221 2475; x_wconf 89' lang='lat' dir='ltr'><strong>Propter</strong></span> 
     </span>
     <span class='ocr_line' id='line_1_25' title="bbox 172 2473 1221 2573; baseline 0.001 -35"><span class='ocrx_word' id='word_1_198' title='bbox 172 2475 240 2540; x_wconf 88' lang='lat' dir='ltr'><strong>haec</strong></span> <span class='ocrx_word' id='word_1_199' title='bbox 254 2489 360 2539; x_wconf 90' lang='lat' dir='ltr'><strong>autem</strong></span> <span class='ocrx_word' id='word_1_200' title='bbox 375 2476 482 2555; x_wconf 86' lang='lat' dir='ltr'><strong>verba,</strong></span> <span class='ocrx_word' id='word_1_201' title='bbox 498 2498 571 2562; x_wconf 84' lang='lat' dir='ltr'><strong>quae</strong></span> <span class='ocrx_word' id='word_1_202' title='bbox 585 2486 677 2560; x_wconf 90' lang='lat' dir='ltr'><strong>putat</strong></span> <span class='ocrx_word' id='word_1_203' title='bbox 691 2497 755 2538; x_wconf 88' lang='lat' dir='ltr'><strong>non</strong></span> <span class='ocrx_word' id='word_1_204' title='bbox 768 2497 834 2539; x_wconf 90' lang='lat' dir='ltr'><strong>esse</strong></span> <span class='ocrx_word' id='word_1_205' title='bbox 850 2473 1011 2573; x_wconf 88' lang='lat' dir='ltr'><strong>Stephani,</strong></span> <span class='ocrx_word' id='word_1_206' title='bbox 1027 2473 1173 2538; x_wconf 87' lang='lat' dir='ltr'><strong>dubitare</strong></span> <span class='ocrx_word' id='word_1_207' title='bbox 1188 2497 1221 2539; x_wconf 89' lang='lat' dir='ltr'><strong>se</strong></span> 
     </span>
     <span class='ocr_line' id='line_1_26' title="bbox 173 2559 1221 2648; baseline 0 -23"><span class='ocrx_word' id='word_1_208' title='bbox 173 2561 217 2625; x_wconf 89' lang='lat' dir='ltr'><strong>ait</strong></span> <span class='ocrx_word' id='word_1_209' title='bbox 232 2561 429 2626; x_wconf 84' lang='lat' dir='ltr'><strong>Christianus</strong></span> <span class='ocrx_word' id='word_1_210' title='bbox 448 2563 563 2648; x_wconf 92' lang='lat' dir='ltr'><strong>Lupus</strong></span> <span class='ocrx_word' id='word_1_211' title='bbox 582 2562 615 2623; x_wconf 92' lang='lat' dir='ltr'><strong>in</strong></span> <span class='ocrx_word' id='word_1_212' title='bbox 630 2559 753 2624; x_wconf 92' lang='lat' dir='ltr'><strong>scholiis</strong></span> <span class='ocrx_word' id='word_1_213' title='bbox 766 2561 829 2624; x_wconf 89' lang='lat' dir='ltr'><strong>suis</strong></span> <span class='ocrx_word' id='word_1_214' title='bbox 844 2561 885 2624; x_wconf 88' lang='lat' dir='ltr'><strong>ad</strong></span> <span class='ocrx_word' id='word_1_215' title='bbox 899 2561 1014 2625; x_wconf 80' lang='lat' dir='ltr'><strong>librum</strong></span> <span class='ocrx_word' id='word_1_216' title='bbox 1031 2559 1221 2625; x_wconf 84' lang='lat' dir='ltr'><strong>Tertulliani</strong></span> 
     </span>
    </p>
   </div>
   <div class='ocr_carea' id='block_1_3' title="bbox 173 2646 1220 2796">
    <p class='ocr_par' dir='ltr' id='par_1_4' title="bbox 173 2646 1220 2796">
     <span class='ocr_line' id='line_1_27' title="bbox 173 2646 1220 2796; baseline 0 -86"><span class='ocrx_word' id='word_1_217' title='bbox 173 2648 213 2711; x_wconf 90' lang='lat' dir='ltr'><strong>de</strong></span> <span class='ocrx_word' id='word_1_218' title='bbox 229 2647 521 2735; x_wconf 87' lang='lat' dir='ltr'><strong>Praescriptionibus</strong></span> <span class='ocrx_word' id='word_1_219' title='bbox 541 2646 691 2710; x_wconf 88' lang='lat' dir='ltr'><strong>adversus</strong></span> <span class='ocrx_word' id='word_1_220' title='bbox 710 2646 873 2712; x_wconf 86' lang='lat' dir='ltr'><strong>haereticos</strong></span> <span class='ocrx_word' id='word_1_221' title='bbox 894 2670 934 2710; x_wconf 90' lang='lat' dir='ltr'><strong>an</strong></span> <span class='ocrx_word' id='word_1_222' title='bbox 954 2646 1085 2796; x_wconf 56' lang='lat' dir='ltr'><strong>elpistola</strong></span> <span class='ocrx_word' id='word_1_223' title='bbox 1103 2646 1220 2711; x_wconf 90' lang='lat' dir='ltr'><strong>Firmi·</strong></span> 
     </span>
    </p>
   </div>
   <div class='ocr_carea' id='block_1_4' title="bbox 172 2731 1224 4372">
    <p class='ocr_par' dir='ltr' id='par_1_5' title="bbox 172 2731 1222 3833">
     <span class='ocr_line' id='line_1_28' title="bbox 172 2731 1221 2820; baseline 0.001 -24"><span class='ocrx_word' id='word_1_224' title='bbox 172 2732 246 2798; x_wconf 88' lang='lat' dir='ltr'><strong>liani</strong></span> <span class='ocrx_word' id='word_1_225' title='bbox 262 2735 301 2798; x_wconf 90' lang='lat' dir='ltr'><strong>sit</strong></span> <span class='ocrx_word' id='word_1_226' title='bbox 315 2757 398 2798; x_wconf 88' lang='lat' dir='ltr'><strong>vera.</strong></span> <span class='ocrx_word' id='word_1_227' title='bbox 446 2736 570 2798; x_wconf 88' lang='lat' dir='ltr'><strong>Tamen</strong></span> <span class='ocrx_word' id='word_1_228' title='bbox 589 2755 681 2797; x_wconf 92' lang='lat' dir='ltr'><strong>nemo</strong></span> <span class='ocrx_word' id='word_1_229' title='bbox 698 2731 849 2797; x_wconf 87' lang='lat' dir='ltr'><strong>hactenus</strong></span> <span class='ocrx_word' id='word_1_230' title='bbox 866 2747 938 2797; x_wconf 85' lang='lat' dir='ltr'><strong>ante</strong></span> <span class='ocrx_word' id='word_1_231' title='bbox 991 2755 1092 2820; x_wconf 93' lang='lat' dir='ltr'><strong>upum</strong></span> <span class='ocrx_word' id='word_1_232' title='bbox 1111 2732 1145 2797; x_wconf 91' lang='lat' dir='ltr'><strong>id</strong></span> <span class='ocrx_word' id='word_1_233' title='bbox 1162 2733 1221 2797; x_wconf 91' lang='lat' dir='ltr'><strong>sibi</strong></span> 
     </span>
     <span class='ocr_line' id='line_1_29' title="bbox 174 2818 1220 2918; baseline 0.001 -35"><span class='ocrx_word' id='word_1_234' title='bbox 174 2821 294 2899; x_wconf 90' lang='lat' dir='ltr'><strong>sumsit,</strong></span> <span class='ocrx_word' id='word_1_235' title='bbox 310 2834 346 2884; x_wconf 92' lang='lat' dir='ltr'><strong>ut</strong></span> <span class='ocrx_word' id='word_1_236' title='bbox 361 2819 462 2885; x_wconf 90' lang='lat' dir='ltr'><strong>dicere</strong></span> <span class='ocrx_word' id='word_1_237' title='bbox 476 2820 606 2884; x_wconf 87' lang='lat' dir='ltr'><strong>auderet</strong></span> <span class='ocrx_word' id='word_1_238' title='bbox 619 2841 688 2884; x_wconf 89' lang='lat' dir='ltr'><strong>eam</strong></span> <span class='ocrx_word' id='word_1_239' title='bbox 702 2842 768 2884; x_wconf 91' lang='lat' dir='ltr'><strong>esse</strong></span> <span class='ocrx_word' id='word_1_240' title='bbox 780 2819 889 2883; x_wconf 85' lang='lat' dir='ltr'><strong>falsam</strong></span> <span class='ocrx_word' id='word_1_241' title='bbox 905 2833 961 2884; x_wconf 89' lang='lat' dir='ltr'><strong>aut</strong></span> <span class='ocrx_word' id='word_1_242' title='bbox 975 2818 1016 2883; x_wconf 90' lang='lat' dir='ltr'><strong>de</strong></span> <span class='ocrx_word' id='word_1_243' title='bbox 1028 2820 1097 2918; x_wconf 76' lang='lat' dir='ltr'><strong>ejus</strong></span> <span class='ocrx_word' id='word_1_244' title='bbox 1111 2832 1220 2884; x_wconf 90' lang='lat' dir='ltr'><strong>aucto-</strong></span> 
     </span>
     <span class='ocr_line' id='line_1_30' title="bbox 173 2905 1221 2972; baseline 0.003 -3"><span class='ocrx_word' id='word_1_245' title='bbox 173 2907 265 2970; x_wconf 83' lang='lat' dir='ltr'><strong>ritate</strong></span> <span class='ocrx_word' id='word_1_246' title='bbox 283 2906 453 2971; x_wconf 89' lang='lat' dir='ltr'><strong>dubitaret.</strong></span> <span class='ocrx_word' id='word_1_247' title='bbox 497 2908 542 2971; x_wconf 83' lang='lat' dir='ltr'><strong>Et</strong></span> <span class='ocrx_word' id='word_1_248' title='bbox 562 2919 645 2971; x_wconf 91' lang='lat' dir='ltr'><strong>certe</strong></span> <span class='ocrx_word' id='word_1_249' title='bbox 663 2906 724 2971; x_wconf 91' lang='lat' dir='ltr'><strong>ista</strong></span> <span class='ocrx_word' id='word_1_250' title='bbox 741 2905 873 2970; x_wconf 88' lang='lat' dir='ltr'><strong>facilitas</strong></span> <span class='ocrx_word' id='word_1_251' title='bbox 891 2905 1057 2970; x_wconf 80' lang='lat' dir='ltr'><strong>accusandi</strong></span> <span class='ocrx_word' id='word_1_252' title='bbox 1076 2905 1221 2972; x_wconf 85' lang='lat' dir='ltr'><strong>falsitatis</strong></span> 
     </span>
     <span class='ocr_line' id='line_1_31' title="bbox 174 2992 1221 3080; baseline 0.002 -25"><span class='ocrx_word' id='word_1_253' title='bbox 174 2993 289 3080; x_wconf 86' lang='lat' dir='ltr'><strong>scripta</strong></span> <span class='ocrx_word' id='word_1_254' title='bbox 302 3005 443 3057; x_wconf 91' lang='lat' dir='ltr'><strong>veterum</strong></span> <span class='ocrx_word' id='word_1_255' title='bbox 458 2992 549 3056; x_wconf 86' lang='lat' dir='ltr'><strong>valde</strong></span> <span class='ocrx_word' id='word_1_256' title='bbox 564 2993 728 3057; x_wconf 84' lang='lat' dir='ltr'><strong>temeraria</strong></span> <span class='ocrx_word' id='word_1_257' title='bbox 747 3007 793 3057; x_wconf 90' lang='lat' dir='ltr'><strong>est</strong></span> <span class='ocrx_word' id='word_1_258' title='bbox 812 3006 844 3057; x_wconf 92' lang='lat' dir='ltr'><strong>et</strong></span> <span class='ocrx_word' id='word_1_259' title='bbox 864 2992 1050 3079; x_wconf 87' lang='lat' dir='ltr'><strong>periculosa.</strong></span> <span class='ocrx_word' id='word_1_260' title='bbox 1095 2995 1180 3057; x_wconf 90' lang='lat' dir='ltr'><strong>Nam</strong></span> <span class='ocrx_word' id='word_1_261' title='bbox 1195 2993 1221 3058; x_wconf 91' lang='lat' dir='ltr'><strong>si</strong></span> 
     </span>
     <span class='ocr_line' id='line_1_32' title="bbox 173 3078 1221 3178; baseline 0.002 -37"><span class='ocrx_word' id='word_1_262' title='bbox 173 3079 288 3165; x_wconf 86' lang='lat' dir='ltr'><strong>cuique</strong></span> <span class='ocrx_word' id='word_1_263' title='bbox 300 3079 390 3144; x_wconf 89' lang='lat' dir='ltr'><strong>liceat</strong></span> <span class='ocrx_word' id='word_1_264' title='bbox 403 3078 511 3144; x_wconf 90' lang='lat' dir='ltr'><strong>inanes</strong></span> <span class='ocrx_word' id='word_1_265' title='bbox 525 3079 679 3166; x_wconf 89' lang='lat' dir='ltr'><strong>ejusmodi</strong></span> <span class='ocrx_word' id='word_1_266' title='bbox 693 3079 887 3164; x_wconf 89' lang='lat' dir='ltr'><strong>conjecturas</strong></span> <span class='ocrx_word' id='word_1_267' title='bbox 906 3079 1005 3178; x_wconf 86' lang='lat' dir='ltr'><strong>sequi,</strong></span> <span class='ocrx_word' id='word_1_268' title='bbox 1020 3078 1144 3143; x_wconf 93' lang='lat' dir='ltr'><strong>nullum</strong></span> <span class='ocrx_word' id='word_1_269' title='bbox 1162 3079 1221 3143; x_wconf 92' lang='lat' dir='ltr'><strong>erit</strong></span> 
     </span>
     <span class='ocr_line' id='line_1_33' title="bbox 172 3164 1219 3264; baseline 0.002 -36"><span class='ocrx_word' id='word_1_270' title='bbox 172 3165 369 3252; x_wconf 87' lang='lat' dir='ltr'><strong>antiquitatis</strong></span> <span class='ocrx_word' id='word_1_271' title='bbox 383 3179 621 3230; x_wconf 90' lang='lat' dir='ltr'><strong>monumentum</strong></span> <span class='ocrx_word' id='word_1_272' title='bbox 637 3165 724 3253; x_wconf 92' lang='lat' dir='ltr'><strong>quod</strong></span> <span class='ocrx_word' id='word_1_273' title='bbox 738 3164 861 3252; x_wconf 86' lang='lat' dir='ltr'><strong>iniquas</strong></span> <span class='ocrx_word' id='word_1_274' title='bbox 876 3165 1065 3264; x_wconf 77' lang='lat' dir='ltr'><strong>suspiciones</strong></span> <span class='ocrx_word' id='word_1_275' title='bbox 1078 3164 1219 3251; x_wconf 87' lang='lat' dir='ltr'><strong>effugiat.</strong></span> 
     </span>
     <span class='ocr_line' id='line_1_34' title="bbox 175 3250 1222 3317; baseline 0 -2"><span class='ocrx_word' id='word_1_276' title='bbox 175 3253 306 3316; x_wconf 79' lang='lat' dir='ltr'><strong>BAtur..</strong></span> <span class='ocrx_word' id='word_1_277' title='bbox 346 3254 397 3317; x_wconf 90' lang='lat' dir='ltr'><strong>Ita</strong></span> <span class='ocrx_word' id='word_1_278' title='bbox 415 3251 573 3316; x_wconf 84' lang='lat' dir='ltr'><strong>Baluzius.</strong></span> <span class='ocrx_word' id='word_1_279' title='bbox 604 3252 705 3316; x_wconf 91' lang='lat' dir='ltr'><strong>Haud</strong></span> <span class='ocrx_word' id='word_1_280' title='bbox 726 3250 845 3315; x_wconf 88' lang='lat' dir='ltr'><strong>interea</strong></span> <span class='ocrx_word' id='word_1_281' title='bbox 864 3251 940 3314; x_wconf 87' lang='lat' dir='ltr'><strong>mihr</strong></span> <span class='ocrx_word' id='word_1_282' title='bbox 963 3251 1047 3315; x_wconf 90' lang='lat' dir='ltr'><strong>visus</strong></span> <span class='ocrx_word' id='word_1_283' title='bbox 1065 3263 1112 3314; x_wconf 89' lang='lat' dir='ltr'><strong>est</strong></span> <span class='ocrx_word' id='word_1_284' title='bbox 1131 3250 1222 3315; x_wconf 90' lang='lat' dir='ltr'><strong>volu-</strong></span> 
     </span>
     <span class='ocr_line' id='line_1_35' title="bbox 172 3336 1222 3423; baseline 0 -22"><span class='ocrx_word' id='word_1_285' title='bbox 172 3337 232 3402; x_wconf 89' lang='lat' dir='ltr'><strong>isse</strong></span> <span class='ocrx_word' id='word_1_286' title='bbox 252 3338 311 3403; x_wconf 91' lang='lat' dir='ltr'><strong>hoc</strong></span> <span class='ocrx_word' id='word_1_287' title='bbox 331 3339 464 3403; x_wconf 90' lang='lat' dir='ltr'><strong>scribere</strong></span> <span class='ocrx_word' id='word_1_288' title='bbox 480 3338 677 3404; x_wconf 89' lang='lat' dir='ltr'><strong>Christianus</strong></span> <span class='ocrx_word' id='word_1_289' title='bbox 698 3339 824 3423; x_wconf 92' lang='lat' dir='ltr'><strong>Lupus,</strong></span> <span class='ocrx_word' id='word_1_290' title='bbox 841 3336 1015 3402; x_wconf 87' lang='lat' dir='ltr'><strong>Firmiliani</strong></span> <span class='ocrx_word' id='word_1_291' title='bbox 1031 3336 1162 3423; x_wconf 85' lang='lat' dir='ltr'><strong>epistola</strong></span> <span class='ocrx_word' id='word_1_292' title='bbox 1180 3360 1222 3401; x_wconf 89' lang='lat' dir='ltr'><strong>an</strong></span> 
     </span>
     <span class='ocr_line' id='line_1_36' title="bbox 172 3422 1222 3511; baseline -0.001 -23"><span class='ocrx_word' id='word_1_293' title='bbox 172 3449 322 3511; x_wconf 85' lang='lat' dir='ltr'><strong>germana</strong></span> <span class='ocrx_word' id='word_1_294' title='bbox 336 3424 386 3504; x_wconf 92' lang='lat' dir='ltr'><strong>sit,</strong></span> <span class='ocrx_word' id='word_1_295' title='bbox 401 3449 434 3489; x_wconf 88' lang='lat' dir='ltr'><strong>se</strong></span> <span class='ocrx_word' id='word_1_296' title='bbox 448 3425 610 3500; x_wconf 84' lang='lat' dir='ltr'><strong>dubitare3</strong></span> <span class='ocrx_word' id='word_1_297' title='bbox 635 3425 675 3489; x_wconf 91' lang='lat' dir='ltr'><strong>de</strong></span> <span class='ocrx_word' id='word_1_298' title='bbox 692 3422 954 3511; x_wconf 89' lang='lat' dir='ltr'><strong>appellationibus</strong></span> <span class='ocrx_word' id='word_1_299' title='bbox 967 3436 1073 3488; x_wconf 88' lang='lat' dir='ltr'><strong>autem</strong></span> <span class='ocrx_word' id='word_1_300' title='bbox 1092 3425 1222 3510; x_wconf 92' lang='lat' dir='ltr'><strong>probro-</strong></span> 
     </span>
     <span class='ocr_line' id='line_1_37' title="bbox 174 3509 1220 3599; baseline 0 -25"><span class='ocrx_word' id='word_1_301' title='bbox 174 3512 214 3575; x_wconf 91' lang='lat' dir='ltr'><strong>sis</strong></span> <span class='ocrx_word' id='word_1_302' title='bbox 230 3512 390 3599; x_wconf 87' lang='lat' dir='ltr'><strong>Cypriano</strong></span> <span class='ocrx_word' id='word_1_303' title='bbox 404 3536 423 3576; x_wconf 92' lang='lat' dir='ltr'><strong>a</strong></span> <span class='ocrx_word' id='word_1_304' title='bbox 443 3511 602 3599; x_wconf 88' lang='lat' dir='ltr'><strong>Stephano</strong></span> <span class='ocrx_word' id='word_1_305' title='bbox 615 3509 784 3588; x_wconf 90' lang='lat' dir='ltr'><strong>attributis,</strong></span> <span class='ocrx_word' id='word_1_306' title='bbox 799 3533 840 3575; x_wconf 89' lang='lat' dir='ltr'><strong>an</strong></span> <span class='ocrx_word' id='word_1_307' title='bbox 853 3510 905 3575; x_wconf 84' lang='lat' dir='ltr'><strong>hae</strong></span> <span class='ocrx_word' id='word_1_308' title='bbox 918 3511 959 3575; x_wconf 86' lang='lat' dir='ltr'><strong>ab</strong></span> <span class='ocrx_word' id='word_1_309' title='bbox 973 3534 1011 3575; x_wconf 90' lang='lat' dir='ltr'><strong>eo</strong></span> <span class='ocrx_word' id='word_1_310' title='bbox 1025 3531 1133 3574; x_wconf 87' lang='lat' dir='ltr'><strong>revera</strong></span> <span class='ocrx_word' id='word_1_311' title='bbox 1170 3534 1220 3574; x_wconf 88' lang='lat' dir='ltr'><strong>ro·</strong></span> 
     </span>
     <span class='ocr_line' id='line_1_38' title="bbox 174 3533 1222 3696; baseline 0.001 -37"><span class='ocrx_word' id='word_1_312' title='bbox 174 3597 245 3662; x_wconf 85' lang='lat' dir='ltr'><strong>latae</strong></span> <span class='ocrx_word' id='word_1_313' title='bbox 264 3598 393 3677; x_wconf 89' lang='lat' dir='ltr'><strong>fuerint,</strong></span> <span class='ocrx_word' id='word_1_314' title='bbox 417 3621 449 3662; x_wconf 92' lang='lat' dir='ltr'><strong>se</strong></span> <span class='ocrx_word' id='word_1_315' title='bbox 468 3597 622 3662; x_wconf 87' lang='lat' dir='ltr'><strong>haesitare.</strong></span> <span class='ocrx_word' id='word_1_316' title='bbox 650 3596 721 3662; x_wconf 93' lang='lat' dir='ltr'><strong>Vid.</strong></span> <span class='ocrx_word' id='word_1_317' title='bbox 734 3597 863 3663; x_wconf 71' lang='lat' dir='ltr'><strong>Scholia</strong></span> <span class='ocrx_word' id='word_1_318' title='bbox 883 3597 952 3696; x_wconf 82' lang='lat' dir='ltr'><strong>ejus</strong></span> <span class='ocrx_word' id='word_1_319' title='bbox 969 3597 1011 3661; x_wconf 89' lang='lat' dir='ltr'><strong>ad</strong></span> <span class='ocrx_word' id='word_1_320' title='bbox 1033 3533 1222 3661; x_wconf 88' lang='lat' dir='ltr'><strong>Tertulliani</strong></span> 
     </span>
     <span class='ocr_line' id='line_1_39' title="bbox 174 3683 1222 3772; baseline 0.002 -26"><span class='ocrx_word' id='word_1_321' title='bbox 174 3707 243 3771; x_wconf 86' lang='lat' dir='ltr'><strong>cap.</strong></span> <span class='ocrx_word' id='word_1_322' title='bbox 254 3683 297 3749; x_wconf 86' lang='lat' dir='ltr'><strong>iv.</strong></span> <span class='ocrx_word' id='word_1_323' title='bbox 314 3709 346 3772; x_wconf 89' lang='lat' dir='ltr'><strong>p.</strong></span> <span class='ocrx_word' id='word_1_324' title='bbox 362 3705 432 3750; x_wconf 82' lang='lat'><strong>121.</strong></span> <span class='ocrx_word' id='word_1_325' title='bbox 471 3683 622 3749; x_wconf 80' lang='lat' dir='ltr'><strong>conferas</strong></span> <span class='ocrx_word' id='word_1_326' title='bbox 636 3707 711 3770; x_wconf 85' lang='lat' dir='ltr'><strong>quae</strong></span> <span class='ocrx_word' id='word_1_327' title='bbox 724 3683 765 3747; x_wconf 91' lang='lat' dir='ltr'><strong>de</strong></span> <span class='ocrx_word' id='word_1_328' title='bbox 780 3683 839 3747; x_wconf 85' lang='lat' dir='ltr'><strong>hac</strong></span> <span class='ocrx_word' id='word_1_329' title='bbox 858 3683 989 3771; x_wconf 86' lang='lat' dir='ltr'><strong>eprstola</strong></span> <span class='ocrx_word' id='word_1_330' title='bbox 1007 3706 1104 3771; x_wconf 89' lang='lat' dir='ltr'><strong>supra</strong></span> <span class='ocrx_word' id='word_1_331' title='bbox 1123 3706 1222 3748; x_wconf 89' lang='lat' dir='ltr'><strong>anno·</strong></span> 
     </span>
     <span class='ocr_line' id='line_1_40' title="bbox 175 3782 293 3833; baseline 0.008 -1"><span class='ocrx_word' id='word_1_332' title='bbox 175 3782 293 3833; x_wconf 87' lang='lat' dir='ltr'><strong>tantur.</strong></span> 
     </span>
    </p>

    <p class='ocr_par' dir='ltr' id='par_1_6' title="bbox 175 3855 1221 4019">
     <span class='ocr_line' id='line_1_41' title="bbox 175 3855 1221 4019; baseline 0.003 -102"><span class='ocrx_word' id='word_1_333' title='bbox 175 3942 204 4019; x_wconf 70' lang='lat' dir='ltr'>Q</span> <span class='ocrx_word' id='word_1_334' title='bbox 220 3855 305 3920; x_wconf 93' lang='lat' dir='ltr'><strong>Ibid.</strong></span> <span class='ocrx_word' id='word_1_335' title='bbox 320 3855 408 3958; x_wconf 44' lang='lat' dir='ltr'><strong>l.·11.</strong></span> <span class='ocrx_word' id='word_1_336' title='bbox 430 3856 493 3933; x_wconf 80' lang='lat' dir='ltr'><strong>Qui</strong></span> <span class='ocrx_word' id='word_1_337' title='bbox 507 3855 626 3946; x_wconf 90' lang='lat' dir='ltr'><strong>omnia]</strong></span> <span class='ocrx_word' id='word_1_338' title='bbox 640 3856 786 3921; x_wconf 85' lang='lat' dir='ltr'><strong>Fortasse</strong></span> <span class='ocrx_word' id='word_1_339' title='bbox 800 3855 1033 3920; x_wconf 89' lang='lat' dir='ltr'><strong>convenientius</strong></span> <span class='ocrx_word' id='word_1_340' title='bbox 1047 3855 1116 3920; x_wconf 89' lang='lat' dir='ltr'><strong>loco</strong></span> <span class='ocrx_word' id='word_1_341' title='bbox 1130 3869 1221 3936; x_wconf 89' lang='lat' dir='ltr'><strong>esset,</strong></span> 
     </span>
    </p>

    <p class='ocr_par' dir='ltr' id='par_1_7' title="bbox 206 3963 387 4007">
     <span class='ocr_line' id='line_1_42' title="bbox 206 3963 387 4007; baseline 0.017 -4"><span class='ocrx_word' id='word_1_342' title='bbox 206 3963 256 4004; x_wconf 85' lang='lat' dir='ltr'><strong>uae</strong></span> <span class='ocrx_word' id='word_1_343' title='bbox 270 3963 387 4007; x_wconf 68' lang='lat' dir='ltr'><strong>omnia.</strong></span> 
     </span>
    </p>

    <p class='ocr_par' dir='ltr' id='par_1_8' title="bbox 174 4025 1224 4372">
     <span class='ocr_line' id='line_1_43' title="bbox 220 4025 1223 4113; baseline 0.002 -24"><span class='ocrx_word' id='word_1_344' title='bbox 220 4025 304 4092; x_wconf 92' lang='lat' dir='ltr'><strong>Ibid.</strong></span> <span class='ocrx_word' id='word_1_345' title='bbox 320 4027 342 4091; x_wconf 84' lang='lat' dir='ltr'><strong>l.</strong></span> <span class='ocrx_word' id='word_1_346' title='bbox 358 4048 406 4113; x_wconf 83' lang='lat'><strong>13.</strong></span> <span class='ocrx_word' id='word_1_347' title='bbox 429 4027 575 4093; x_wconf 88' lang='lat' dir='ltr'><strong>omnibus</strong></span> <span class='ocrx_word' id='word_1_348' title='bbox 588 4026 693 4111; x_wconf 92' lang='lat' dir='ltr'><strong>nobis]</strong></span> <span class='ocrx_word' id='word_1_349' title='bbox 710 4029 792 4092; x_wconf 83' lang='lat' dir='ltr'><strong>Haec</strong></span> <span class='ocrx_word' id='word_1_350' title='bbox 806 4026 885 4090; x_wconf 91' lang='lat' dir='ltr'><strong>mihi</strong></span> <span class='ocrx_word' id='word_1_351' title='bbox 900 4025 1048 4091; x_wconf 90' lang='lat' dir='ltr'><strong>videntur</strong></span> <span class='ocrx_word' id='word_1_352' title='bbox 1067 4048 1132 4090; x_wconf 88' lang='lat' dir='ltr'><strong>esse</strong></span> <span class='ocrx_word' id='word_1_353' title='bbox 1152 4026 1223 4091; x_wconf 88' lang='lat' dir='ltr'><strong>lux-</strong></span> 
     </span>
     <span class='ocr_line' id='line_1_44' title="bbox 174 4111 1222 4200; baseline 0.002 -24"><span class='ocrx_word' id='word_1_354' title='bbox 174 4125 237 4176; x_wconf 91' lang='lat' dir='ltr'><strong>ata.</strong></span> <span class='ocrx_word' id='word_1_355' title='bbox 281 4112 368 4191; x_wconf 82' lang='lat' dir='ltr'><strong>Quid</strong></span> <span class='ocrx_word' id='word_1_356' title='bbox 388 4111 414 4179; x_wconf 90' lang='lat' dir='ltr'><strong>si</strong></span> <span class='ocrx_word' id='word_1_357' title='bbox 434 4114 558 4200; x_wconf 86' lang='lat' dir='ltr'><strong>legatur</strong></span> <span class='ocrx_word' id='word_1_358' title='bbox 578 4114 742 4177; x_wconf 80' lang='lat' dir='ltr'><strong>carissime</strong></span> <span class='ocrx_word' id='word_1_359' title='bbox 749 4114 879 4198; x_wconf 75' lang='lat' dir='ltr'><strong>frater,</strong></span> <span class='ocrx_word' id='word_1_360' title='bbox 895 4120 999 4177; x_wconf 78' lang='lat' dir='ltr'><strong>errore</strong></span> <span class='ocrx_word' id='word_1_361' title='bbox 1012 4111 1168 4200; x_wconf 87' lang='lat' dir='ltr'><strong>irrepente</strong></span> <span class='ocrx_word' id='word_1_362' title='bbox 1182 4135 1222 4178; x_wconf 87' lang='lat' dir='ltr'><strong>ex</strong></span> 
     </span>
     <span class='ocr_line' id='line_1_45' title="bbox 174 4197 1222 4286; baseline 0.001 -24"><span class='ocrx_word' id='word_1_363' title='bbox 174 4198 352 4285; x_wconf 86' lang='lat' dir='ltr'><strong>ignorantia</strong></span> <span class='ocrx_word' id='word_1_364' title='bbox 370 4212 526 4276; x_wconf 91' lang='lat' dir='ltr'><strong>notarum,</strong></span> <span class='ocrx_word' id='word_1_365' title='bbox 543 4212 579 4262; x_wconf 91' lang='lat' dir='ltr'><strong>ut</strong></span> <span class='ocrx_word' id='word_1_366' title='bbox 594 4197 688 4263; x_wconf 89' lang='lat' dir='ltr'><strong>etiam</strong></span> <span class='ocrx_word' id='word_1_367' title='bbox 700 4199 863 4263; x_wconf 89' lang='lat' dir='ltr'><strong>adnotavit</strong></span> <span class='ocrx_word' id='word_1_368' title='bbox 878 4198 1095 4286; x_wconf 89' lang='lat' dir='ltr'><strong>Hieronymus</strong></span> <span class='ocrx_word' id='word_1_369' title='bbox 1107 4197 1140 4262; x_wconf 92' lang='lat' dir='ltr'><strong>in</strong></span> <span class='ocrx_word' id='word_1_370' title='bbox 1155 4198 1222 4286; x_wconf 91' lang='lat' dir='ltr'><strong>epi-</strong></span> 
     </span>
     <span class='ocr_line' id='line_1_46' title="bbox 175 4283 1224 4372; baseline 0.002 -22"><span class='ocrx_word' id='word_1_371' title='bbox 175 4285 255 4351; x_wconf 88' lang='lat' dir='ltr'><strong>stola</strong></span> <span class='ocrx_word' id='word_1_372' title='bbox 274 4285 316 4352; x_wconf 87' lang='lat' dir='ltr'><strong>ad</strong></span> <span class='ocrx_word' id='word_1_373' title='bbox 336 4286 471 4351; x_wconf 91' lang='lat' dir='ltr'><strong>Avitum</strong></span> <span class='ocrx_word' id='word_1_374' title='bbox 490 4285 531 4350; x_wconf 90' lang='lat' dir='ltr'><strong>de</strong></span> <span class='ocrx_word' id='word_1_375' title='bbox 548 4284 707 4351; x_wconf 87' lang='lat' dir='ltr'><strong>erroribus</strong></span> <span class='ocrx_word' id='word_1_376' title='bbox 721 4284 878 4372; x_wconf 85' lang='lat' dir='ltr'><strong>Origenis,</strong></span> <span class='ocrx_word' id='word_1_377' title='bbox 892 4284 948 4349; x_wconf 93' lang='lat' dir='ltr'><strong>ubi</strong></span> <span class='ocrx_word' id='word_1_378' title='bbox 961 4283 1006 4350; x_wconf 88' lang='lat' dir='ltr'><strong>ait</strong></span> <span class='ocrx_word' id='word_1_379' title='bbox 1019 4283 1144 4351; x_wconf 90' lang='lat' dir='ltr'><strong>difficile</strong></span> <span class='ocrx_word' id='word_1_380' title='bbox 1157 4307 1224 4352; x_wconf 88' lang='lat' dir='ltr'><strong>esse</strong></span> 
     </span>
    </p>
   </div>
   <div class='ocr_carea' id='block_1_5' title="bbox 0 0 1351 4830">
    <p class='ocr_par' dir='ltr' id='par_1_9' title="bbox 0 0 1351 4830">
     <span class='ocr_line' id='line_1_47' title="bbox 0 0 1351 4830; baseline 0 0"><span class='ocrx_word' id='word_1_381' title='bbox 0 0 1351 4830; x_wconf 95' lang='lat' dir='ltr'><strong> </strong></span> 
     </span>
    </p>
   </div>
  </div>
 </body>
</html>
