2678 4830
146 317 211 385 174
479 316 857 381 ANNOTATIONES

145 486 262 552 notulis
283 486 323 549 ad
345 485 419 550 edit.
442 485 625 566 Halensem,
642 487 727 551 “Sic
744 486 828 551 ludit
846 487 1055 575 Cyprianu5.''
1088 489 1192 554 Verba

145 574 214 660 ejus
237 573 269 637 in
291 572 372 636 libro
391 572 429 634 de
454 573 605 636 Oratimte
625 575 797 637 Dominica
818 572 886 637 haec
909 588 993 651 sunt,
1009 576 1097 638 Nunc
1120 598 1191 640 cum

145 668 391 808 consimactense
406 667 436 721 et
450 660 600 746 spiritum
614 660 834 746 possideamus
848 681 864 722 e
878 661 964 738 coelo,
979 663 1044 747 ipsi
1059 671 1147 724 terro
1162 671 1192 726 et

143 767 189 810 coe
199 767 253 808 um
268 766 388 821 cremeas,
404 753 434 808 et
447 746 482 807 in
497 752 639 831 utroque,
654 747 759 823 idest,
774 755 804 810 et
818 767 947 832 corpore
960 756 990 810 et
1008 749 1138 834 spiritu,
1155 757 1192 811 ut

144 832 208 896 Dei
223 832 449 915 noluntasflat,
464 852 603 894 mamus.

188 919 227 980 P.
243 935 314 980 101.
328 915 349 979 l.
364 936 414 979 11.
436 915 522 1002 quod
538 928 570 979 et
585 917 664 981 Fiat
678 916 824 981 voluntas
846 917 915 1001 tuo]
934 917 997 979 Est
1018 939 1077 1003 pro
1095 918 1192 1003 parti-

144 1002 215 1066 cula
228 1012 258 1066 et
272 1001 375 1088 legere
389 1001 458 1065 vult
474 1000 661 1075 Schutuius;
686 1002 741 1065 sed
756 1002 798 1065 nil
814 1001 1013 1066 mutandum.

189 1088 274 1152 Ibid.
290 1087 308 1150 l.
329 1090 378 1152 16.
400 1099 537 1151 nostram
553 1111 605 1151 sus
646 1088 798 1173 nsionem]
816 1087 887 1153 Scil.
904 1089 1175 1174 exspectationem.

189 1173 276 1238 Ibid.
289 1173 312 1236 l.
329 1192 379 1254 24.
401 1173 433 1236 in
450 1173 532 1258 visu]
552 1110 676 1237 sepem
691 1176 822 1238 visione.
858 1172 969 1237 Posuit
984 1173 1111 1259 quidem
1128 1173 1189 1238 Ri-

142 1259 259 1347 galtius
278 1259 310 1323 in
333 1275 466 1345 utraque
487 1282 543 1323 sua
562 1259 697 1323 editione
715 1260 851 1337 invidia,
866 1260 952 1324 haud
973 1282 1048 1323 vero
1066 1274 1190 1324 secutus

142 1359 189 1411 est
204 1369 277 1410 eum
294 1344 502 1410 Muratorius.

188 1432 312 1498 P.102.
329 1431 351 1494 l.
362 1453 395 1518 3.
417 1430 574 1518 petitioni]
592 1432 666 1495 For.
682 1429 880 1494 scribendum
893 1432 1055 1516 petitione.

191 1516 275 1582 Ibid.
301 1516 321 1580 l.
346 1537 377 1601 9.
401 1532 433 1581 et
458 1517 523 1580 vita
546 1516 648 1604 panis]
680 1518 787 1594 Forte,
814 1516 887 1580 vitae
911 1516 1009 1602 panis.
1043 1519 1188 1582 Sennrz.

144 1604 239 1667 Certe
255 1603 298 1667 sic
312 1602 418 1667 scribit
434 1605 467 1667 S.
481 1603 671 1689 Cyprianus.

188 1688 378 1771 Ibid.l.17.
402 1702 434 1752 et
455 1688 601 1774 spiritalis
622 1687 807 1774 disciplinae]
826 1686 961 1752 Facilior
977 1687 1077 1752 oratio
1099 1702 1189 1767 esset,

144 1770 170 1838 si
184 1775 380 1861 scriberetur,
396 1783 426 1838 et
439 1775 582 1860 spiritaii
595 1775 776 1861 disciplina.

188 1862 226 1924 P.
244 1879 316 1945 103.
332 1860 355 1924 l.
371 1881 398 1924 1.
424 1859 448 1923 si
462 1857 507 1921 illi
520 1860 718 1946 reputamur]
737 1860 811 1923 Hoc
825 1857 990 1946 significat,
1006 1859 1031 1923 si
1050 1860 1121 1923 Deo
1135 1860 1190 1925 ob-

144 1945 252 2023 stricti,
275 1946 350 2025 sive,
372 1944 510 2025 obnoxii,
532 1968 650 2010 sumus
700 1944 751 2009 Sic
773 1945 869 2031 paulo
891 1959 973 2031 post,
991 1948 1030 2010 de
1050 1947 1190 2010 Lamech

143 2041 248 2095 netem
262 2053 295 2096 se
317 2034 444 2120 teng-ies
457 2034 570 2118 septies
583 2033 662 2096 uitio
678 2043 824 2117 reputata
837 2045 895 2094 est.

189 2116 271 2181 Ibid.
292 2056 315 2181 i.
335 2134 385 2200 17.
408 2141 445 2181 eo
466 2117 614 2266 coprAEetit
630 2118 701 2200 δια]
722 2116 867 2181 Conferri
888 2115 1015 2180 videtur
1035 2118 1189 2182 modinum

143 2204 289 2267 delictum
303 2227 376 2268 cum
391 2227 439 2282 eo,
454 2225 498 2289 qu
556 2226 613 2267 nos
627 2202 821 2267 debitoribus
835 2203 948 2267 nostris
963 2203 1161 2268 remittimus.

189 2288 273 2354 Ibid.
292 2289 311 2353 l.
329 2309 382 2374 3¹·
405 2303 461 2353 aut
480 2288 613 2376 dejicere
633 2288 850 2386 sugestione]
869 2288 1010 2354 Verbum
1029 2292 1082 2366 sit,
1103 2289 1190 2376 quod

143 2373 247 2439 omisit
260 2374 430 2462 Rigaltius,
446 2397 485 2438 ex
501 2374 589 2440 editt.
606 2374 763 2462 prioribus
777 2374 930 2453 revocavi,
945 2375 978 2438 in
993 2374 1110 2461 quibus
1121 2376 1192 2462 qui-

144 2461 216 2524 dem
231 2475 319 2525 extat
332 2463 526 2525 consentiens
539 2484 599 2548 pro
607 2463 760 2549 gestiens.

188 2548 227 2610 P.
247 2567 317 2627 104.
342 2547 363 2612 l.
380 2550 411 2610 6.
444 2546 539 2610 Adeo
563 2546 673 2612 tentati
700 2560 773 2611 sunt
802 2546 974 2609 Dominum
1002 2545 1189 2633 deserendo]

144 2631 213 2697 Ubi
235 2632 345 2696 similia
370 2633 418 2696 bis
443 2647 553 2696 extant
575 2632 607 2697 in
629 2656 699 2720 cap.
721 2632 781 2696 ult.
804 2631 876 2695 libri
893 2632 931 2695 de
950 2633 1003 2695 Bu
1026 2634 1127 2710 tiemo,
1147 2633 1190 2696 ait

143 2730 264 2797 auctor,
276 2720 324 2783 Et
337 2720 418 2796 ideo,
434 2720 535 2798 credo,
550 2721 662 2783 tentati
676 2729 763 2798 sunt,
777 2720 926 2821 quoniam
944 2720 981 2782 ob
1022 2720 1189 2798 rmieruni,

143 2812 180 2867 ut
194 2803 425 2901 adprehensum
439 2805 614 2868 Dmninunt
628 2805 840 2869 destituerint.

188 2888 274 2953 Ibrd.
300 2888 322 2954 l.
347 2910 393 2953 ιο.
422 2912 445 2953 A
468 2893 576 2974 unco]
604 2890 756 2954 Conferas
782 2888 899 2953 utiliter
920 2912 994 2974 quae
1015 2888 1111 2953 habet
1132 2913 1189 2953 au·

142 2986 211 3038 ctor
225 2973 258 3036 in
272 2973 328 3038 lib.
342 2975 379 3038 de
391 2977 491 3062 Fuga
505 2977 541 3038 in
556 2976 787 3054 Persecutioae,
801 2998 870 3061 cap.
885 2993 913 3042 2.

188 3059 271 3123 Ibid.
292 3059 314 3125 l.
333 3081 381 3124 11.
407 3060 609 3148 Compendiis
630 3060 837 3146 pauculorum
859 3058 1040 3145 verborum]
1060 3061 1189 3123 Paucu-

142 3146 244 3210 loram
269 3169 328 3233 pro
351 3170 426 3210 voce
447 3160 572 3234 recepta
591 3168 767 3233 punicorum
789 3170 828 3210 ex
851 3146 957 3211 codice
979 3145 1192 3210 Ambrosiano

143 3231 242 3297 edidit
264 3233 472 3311 MuratoriuS,
487 3233 543 3320 qui
563 3233 693 3319 quidem
712 3232 811 3297 codex
831 3233 871 3297 ab
890 3232 939 3296 his
954 3231 1057 3296 verbis
1071 3232 1190 3318 incipit.

144 3319 259 3383 Vocem
272 3321 420 3406 pauculis
433 3319 530 3383 habes
544 3319 626 3383 infra
640 3342 708 3406 cap.
722 3337 774 3404 23.

187 3405 273 3491 Ibid.
295 3404 318 3468 l.
337 3424 388 3490 29.
417 3405 623 3469 accidentium
644 3405 700 3492 jus
725 3418 772 3468 est
796 3403 1033 3489 desideriorum]
1064 3403 1104 3467 Id
1132 3419 1189 3480 est,

186 3513 309 3553 ssumus
325 3505 430 3577 petere
445 3514 529 3577 quae,
545 3506 640 3578 prout
654 3490 777 3569 accidit,
794 3490 1018 3568 desideramus,
1031 3489 1192 3576 proemissa

142 3512 282 3661 ibogitima
295 3591 327 3639 et
340 3576 496 3640 ordinaria
513 3577 662 3654 oratione,
678 3577 711 3641 id
727 3589 774 3640 est
789 3576 955 3641 Dominica
970 3574 1118 3639 Oratione
1132 3598 1191 3662 pro

142 3659 360 3724 fundamento.
393 3662 507 3727 Gumo
534 3664 790 3740 Puncmonnos,
815 3686 834 3727 a
863 3661 1043 3726 Muratorio
1067 3660 1191 3724 allatus.

144 3747 309 3832 Corrigere
329 3746 470 3811 voluerat
489 3748 624 3811 Latinus
645 3749 790 3812 Latinius
804 3750 1015 3812 accedentium
1028 3747 1124 3832 juxta
1137 3747 1191 3809 de-

142 3833 344 3911 aiderinrnm,
360 3834 446 3931 quod
462 3847 622 3922 receptum
639 3833 730 3899 video
749 3858 768 3898 a
788 3833 963 3899 Delacerda
975 3833 1008 3896 in
1023 3832 1189 3897 editionem

143 3941 233 3984 suam
249 3918 437 3983 Tertulliani
458 3919 585 3984 Parisiis
603 3943 686 3985 anno
703 3924 787 4001 1624
803 3919 889 4008 typis
905 3921 1097 4005 impressam.
1128 3919 1191 3983 Sed

143 4005 248 4069 malim
264 4029 323 4092 ego
337 4027 497 4093 reponere,
512 4006 719 4071 accidentitun
729 4007 889 4093 justorum
903 4006 1142 4069 desideriorum.

188 4094 227 4156 P.
244 4107 316 4174 105.
331 4090 353 4156 l.
365 4112 399 4172 4.
423 4093 463 4155 ad
485 4113 593 4177 pacem
616 4092 678 4156 Dei
700 4092 857 4176 accedere]
886 4094 986 4155 Extat
1008 4091 1136 4178 quidem
1159 4089 1192 4152 in

143 4176 219 4242 edit.
242 4177 412 4265 posteriore
433 4176 577 4264 Rigaltii,
600 4201 674 4264 quae
695 4200 778 4242 anno
799 4176 917 4266 prodiit
942 4180 1036 4262 1634,
1059 4177 1191 4240 verbum

142 4261 293 4344 recedere,
302 4264 355 4329 sed
367 4264 472 4329 forsan
486 4263 659 4352 typothetoe
671 4286 785 4344 errore,
795 4263 851 4351 qui
861 4263 984 4329 transiit
993 4264 1026 4328 in
1038 4262 1127 4328 editt.
1143 4285 1191 4327 se·
