2678 4830
241 332 293 397 IN
315 331 503 396 FIRMIL.
519 332 587 394 AD
610 333 642 395 S.
659 331 880 396 CYPRIAN.
898 330 1050 396 EPIST.
1110 335 1175 399 245

125 503 242 583 deesse,
259 505 432 590 conjecerat
447 501 605 567 Pamelius
624 501 770 567 addenda
784 525 849 566 esse
863 502 929 566 duo
942 501 996 566 illa
1009 504 1173 585 vocabula,

124 604 155 655 et
177 590 311 668 addidit,
326 590 436 653 videns
458 590 670 674 conjecturam
692 611 781 652 suam
806 589 1019 652 confirmatam
1042 590 1176 655 auctori-

124 689 188 740 tate
202 676 275 740 libri
291 675 472 740 Cauchiani.
514 677 554 738 In
570 675 676 740 codice
690 699 784 762 porro
800 674 932 739 Cauchii
946 691 1108 741 annotatas
1123 677 1174 741 fu-

123 761 193 840 isse,
209 786 273 826 non
288 762 388 826 solum
400 762 501 825 varias
515 761 660 826 lectiones
675 775 817 825 veterum
835 761 997 841 librorum,
1009 763 1063 826 sed
1078 763 1172 827 etiam

122 850 316 935 conjecturas
341 850 420 935 ejus,
446 861 552 911 monet
576 848 643 934 ipse
672 848 830 912 Pamelius
857 847 890 911 in
920 849 1173 915 annotationibus

123 935 198 999 suis.
244 937 359 1022 Itaque
380 957 437 998 nos
456 934 524 998 haec
543 934 608 998 duo
623 934 786 1009 vocabula,
801 957 874 1020 quae
892 934 993 1020 posita
1013 951 1086 1000 sunt
1106 937 1172 1009 sine

122 1021 318 1097 auctoritate,
335 1044 374 1085 ex
392 1022 570 1108 conjectura
591 1035 726 1099 tantum,
742 1021 829 1085 uncis
848 1020 1066 1086 conclusimus.
1099 1024 1170 1087 BA-

122 1130 197 1171 Luz.
244 1108 390 1171 Indicant
412 1107 540 1192 quidem
556 1108 631 1171 Var.
653 1108 758 1171 Lectt.
778 1106 865 1194 apud
885 1106 962 1171 edit.
984 1111 1088 1172 Oxon.
1109 1109 1172 1173 col-

121 1193 210 1258 lectae
230 1194 289 1257 tria
308 1193 405 1256 verba
424 1215 479 1257 nec
493 1195 655 1280 Spiritum
671 1195 826 1258 Sanctam
844 1192 876 1256 in
900 1207 1037 1279 quatuor
1056 1194 1116 1258 illis
1135 1194 1172 1260 li-

120 1279 185 1344 bris
206 1282 261 1343 An
285 1279 350 1344 licis
371 1280 495 1352 deesse;
520 1279 575 1342 sed
595 1302 703 1343 revera
721 1279 755 1341 in
773 1303 837 1343 uno
854 1302 974 1358 eorum,
991 1304 1086 1367 quem
1103 1281 1171 1367 ipse

120 1365 253 1452 inspexi,
262 1304 321 1430 iric
342 1379 389 1429 est
409 1365 493 1429 Novi
516 1364 648 1452 Collegii
668 1365 779 1445 codex,
795 1379 926 1453 apparet
947 1388 1003 1430 nec
1024 1381 1095 1454 post
1118 1391 1171 1432 vo-

121 1474 187 1515 cem
192 1453 304 1538 fllium
320 1474 393 1515 cum
408 1451 611 1538 sequentibus
625 1452 839 1550 conjunctum.
885 1453 926 1515 In
945 1452 1043 1518 altero
1063 1468 1170 1517 autem

120 1537 323 1625 epistolarum
339 1538 491 1625 Cypriani
508 1537 694 1625 codice,qu1
712 1562 809 1625 penes
826 1551 872 1602 est
890 1538 974 1602 idem
991 1539 1169 1628 collegium,

120 1623 207 1688 haud
221 1638 308 1688 extat
323 1624 497 1687 Firmiliani
510 1624 651 1711 epistola.

145 1712 203 1775 2P.
218 1712 288 1776 226.
312 1710 334 1774 l.
348 1731 398 1795 25.
422 1710 477 1774 ubi
497 1710 666 1797 praesident
688 1710 820 1795 majores
839 1710 932 1797 natu]
950 1710 1072 1787 Graece,
1093 1712 1169 1778 ὅπου

119 1797 318 1878 προκάθηνται
340 1801 369 1861 οἱ
390 1799 598 1879 πρεσβύτεροι.
639 1796 689 1861 Sic
704 1810 736 1860 et
752 1797 821 1883 jam
840 1819 936 1884 supra
953 1797 981 1859 F
982 1796 1167 1877 irmilianuS,

120 1884 195 1946 Mos
215 1885 304 1970 apud
320 1906 376 1947 nos
383 1884 474 1968 fult,
489 1882 603 1969 inquit,
618 1893 655 1947 ot
665 1905 730 1970 per
747 1883 894 1970 singulos
913 1906 1014 1947 aanor
1034 1883 1167 1950 seniores

120 1971 164 2051 (οἱ
178 1972 390 2053 πρεσβύτεροι)
407 1973 443 2033 in
457 1992 558 2033 annm
572 1973 805 2034 conveniamus.
822 1973 853 2055 ᾗ.
862 1969 904 2033 iii.
919 1994 953 2056 p.
965 1989 1038 2050 224.
1069 1972 1167 2036 Utro-

118 2078 181 2140 que
202 2053 271 2119 loco
292 2055 506 2143 designantur,
522 2055 554 2118 ni
575 2055 677 2134 fallor,
698 2057 865 2144 superioris
886 2056 1014 2133 ordinis,
1034 2079 1087 2121 seu
1110 2057 1166 2143 qui

117 2141 296 2226 praesident,
306 2142 487 2229 presbyteri.
504 2143 731 2206 Praesidentem
742 2141 882 2206 nominat
893 2142 1072 2228 episcopum
1087 2144 1167 2207 Ter-

118 2226 267 2291 tullianus
285 2229 316 2291 in
335 2228 388 2291 lib.
404 2230 442 2291 dc
457 2229 623 2292 Pudicitia
637 2252 706 2325 cap.
720 2249 770 2310 14.
782 2241 814 2291 et
826 2226 880 2290 illo
895 2228 1022 2314 quidem
1060 2231 1167 2316 ready-

117 2321 256 2377 tcrorum
270 2313 396 2377 nomine
410 2314 547 2401 episcopi
561 2337 580 2377 a
594 2314 752 2378 vetenbus
769 2313 927 2378 interdum
946 2252 1145 2400 appellantur
1153 2340 1164 2395 ;

116 2421 188 2462 raro
209 2398 354 2476 vicissim,
372 2400 470 2486 idque
489 2400 753 2464 accommodatius
773 2413 907 2477 tantum,
924 2415 959 2463 ut
979 2400 1023 2463 ita
1040 2399 1165 2486 loquar,

117 2487 331 2571 episcoporum
346 2485 438 2549 titulo
453 2486 611 2549 donantur
625 2485 809 2572 presbyteri.
834 2486 986 2549 Conferas
995 2489 1164 2553 Annotatt.

116 2570 158 2633 ad
174 2570 295 2634 Concil.
312 2585 420 2635 contra
439 2574 579 2635 Noetum
597 2571 660 2635 vol.
675 2573 722 2636 ΙΙ.
738 2573 917 2658 Rellqutar.
934 2574 1027 2637 Socr.
1042 2595 1074 2658 p.
1086 2591 1164 2658 377.

45 2671 48 2675 ’
116 2656 172 2720 ubi
196 2671 300 2720 tamen
322 2658 427 2721 minus
445 2670 528 2722 recte
547 2657 707 2723 dubitasse
727 2682 777 2723 me
797 2659 907 2737 fateor,
929 2672 1037 2722 utrum
1059 2658 1165 2745 plures

115 2743 251 2831 episcopi
266 2743 299 2806 in
315 2767 425 2822 unum,
441 2744 505 2808 sive
520 2744 551 2808 in
566 2745 748 2833 provinciali
765 2744 904 2824 concilio,
920 2743 1051 2824 collecti,
1065 2767 1163 2832 prea-

115 2831 216 2916 dptera'
242 2830 334 2894 tertio
360 2831 474 2896 saeculo
495 2831 630 2896 ecclesiae
653 2831 897 2896 nominarentur.
951 2833 1052 2896 Porro
1077 2831 1165 2918 apud

114 2916 295 3004 episcopum
314 2916 403 2981 sitam
418 2942 484 2982 esse
498 2931 684 3004 potestatem
701 2917 781 2981 ritus
794 2941 902 2982 omnes
915 2917 1163 2998 administrandi,

116 3001 307 3088 baptizandi,
322 3004 483 3083 offerendi,
499 3027 625 3068 manum
647 3002 841 3091 imponendi,
859 3004 1034 3082 ordinandi,
1055 3005 1163 3069 crede·

116 3087 192 3153 bant
205 3089 348 3176 antiqui;
372 3089 426 3154 sed
448 3104 480 3154 et
501 3090 690 3178 presbyteris
711 3091 813 3167 licere,
837 3104 874 3154 ut
895 3092 1008 3156 muniti
1030 3092 1163 3156 auctori·

116 3187 179 3239 tate
205 3175 340 3262 episcopi
364 3177 561 3262 baptizarent
586 3192 681 3263 atque
705 3178 860 3241 offerrent.
900 3179 1013 3241 Dandi
1037 3180 1163 3265 quidem

117 3260 337 3348 (baptismum)
364 3264 454 3328 babet
470 3267 533 3351 jus
559 3285 700 3327 summas
725 3264 880 3340 sacerdos,
901 3265 956 3348 qut
978 3272 1024 3327 est
1048 3266 1164 3349 episco-

109 3371 186 3434 pas.
220 3349 344 3412 Dehinc
353 3351 534 3436 presbyteri
548 3359 578 3413 et
592 3351 730 3427 diaconi,
745 3372 808 3412 non
824 3358 928 3412 tamen
943 3350 1012 3412 stne
1026 3352 1163 3436 episcopi

114 3437 302 3499 auctoritate
309 3445 446 3523 propter
459 3437 593 3500 ecclcsiae
605 3436 764 3499 bonorem.
792 3437 860 3508 Quo
873 3435 971 3512 salvo,
987 3436 1078 3498 salva
1090 3457 1163 3521 pac

114 3531 168 3585 eat.
195 3522 345 3608 Alioquin
361 3525 455 3586 etiam
470 3523 626 3606 laiciajus
641 3530 697 3600 cat,
711 3523 768 3584 bc.
800 3523 882 3584 Haec
897 3521 1115 3584 Tertullianus
1129 3520 1162 3584 in

114 3605 168 3669 lib.
184 3608 221 3669 dc
235 3609 403 3694 Baptiamo
418 3632 443 3673 c.
459 3625 509 3691 17.
525 3606 611 3671 hand
632 3607 722 3672 finito
742 3608 856 3672 saeculo
872 3607 1006 3672 ecclesiae
1025 3606 1163 3671 secundo

115 3691 233 3756 docuit.
270 3694 327 3757 Ad
352 3695 433 3758 solos
456 3717 531 3757 vero
552 3694 713 3782 episcopos
736 3693 900 3759 ordinandi
917 3694 972 3780 jus
993 3693 1161 3780 pertinere,

114 3779 267 3843 consentit
280 3803 353 3843 cum
368 3781 566 3867 Hieronymo
580 3781 725 3846 universa
740 3781 917 3868 antiquitas.
962 3779 1059 3844 Adde
1074 3780 1163 3866 quod

114 3861 197 3926 idem
212 3864 262 3928 hic
277 3866 489 3947 Firmilianus,
505 3867 561 3953 qui
576 3867 791 3955 episcoporum
807 3866 947 3932 ordinem
961 3868 1162 3953 presbytero-

114 3971 187 4012 rum
202 3951 326 4015 nomine
340 3951 389 4016 his
403 3953 477 4017 locis
494 3953 675 4041 appellavit,
692 3953 830 4041 singulos
844 3977 862 4016 e
885 3953 1017 4050 iscopos,
1030 3952 1162 4051 presby-

114 4046 206 4111 teros,
232 4036 378 4102 diaconos
403 4037 476 4103 alibi
501 4039 531 4103 in
559 4039 690 4127 epistola
714 4063 771 4104 sua
796 3977 894 4104 titulis
918 4061 982 4103 suls
1007 4039 1160 4103 d1stinx1t.

114 4122 216 4185 Porro
235 4121 279 4186 ait
298 4123 380 4189 infra
401 4129 494 4212 §.125
513 4125 673 4213 episcopos
693 4126 888 4198 ordinatione
904 4124 1019 4190 vicaria
1038 4148 1158 4190 succes-

114 4208 187 4271 sisse
201 4209 347 4294 apostolis

157 4295 195 4358 P.
210 4295 321 4380 227.1.
337 4298 387 4362 18.
409 4298 526 4384 quibus
540 4301 635 4385 nunc]
653 4299 818 4386 dequibus
832 4320 928 4362 nunc.
975 4295 1160 4384 Praepositio

609 4406 631 4448 a
646 4404 666 4469 3
798 4432 800 4437 .
