2678 4830
621 511 667 568 IN

426 657 473 756 S.
508 654 863 759 CYPRIANI

577 892 710 935 LIBRUM

263 1042 333 1114 DE
362 1041 537 1114 OPERE
564 1041 636 1112 ET
662 1040 1032 1112 ELEEMOSYNIS

407 1238 880 1321 ANNOTATIONES.

504 1482 797 1527 -Φ-

169 1670 208 1732 Ρ.
223 1667 295 1753 283.
310 1667 332 1732 l.
348 1687 377 1734 2.
400 1668 513 1732 Lmen
531 1688 578 1732 os
595 1669 715 1732 Orsus
734 1689 777 1732 nr
796 1668 1054 1749 Etssuosrms]
1074 1665 1172 1729 Nulla

125 1754 225 1841 magis
238 1777 273 1817 re
287 1753 413 1818 emicuit
428 1753 577 1842 primaeva
591 1753 701 1841 pietas,
716 1776 813 1839 quam
828 1752 882 1816 illa
895 1752 994 1816 effusa
1008 1751 1172 1838 largn'tione

124 1862 266 1926 quapau
307 1863 378 1904 rum
393 1840 626 1904 necessitatibus
641 1839 891 1904 succurrebatur.
937 1840 1006 1903 Nec
1019 1838 1052 1901 in
1066 1837 1175 1902 officiis

125 1926 197 1990 ullis
217 1925 269 2013 ple
292 1926 303 1989 i
326 1926 512 1991 Christianae
533 1925 787 1990 commendandis
809 1924 908 2010 magis
930 1923 1097 1988 desudavit
1118 1937 1174 1988 aut

125 2013 348 2100 apostolorum,
364 2027 420 2076 aut
437 2015 468 2076 S.
484 2015 615 2076 Petrum
631 2011 803 2098 diligentia.
842 2013 888 2073 Et
902 2009 1030 2095 quidem
1045 2032 1118 2094 quae
1133 2010 1174 2073 de

125 2098 184 2163 hac
206 2098 335 2163 materia
355 2097 388 2160 in
410 2096 516 2161 libello
537 2097 596 2160 isto
616 2097 740 2183 egregie
757 2108 831 2159 sunt
850 2107 1007 2180 congesta,
1023 2117 1085 2157 non
1108 2095 1174 2159 sine

126 2184 255 2248 numine
269 2183 376 2280 aliquo
390 2181 538 2245 videntur
552 2181 678 2268 scripta,
691 2195 728 2245 ut
741 2179 911 2267 paratiores
925 2194 1026 2243 essent
1039 2179 1173 2244 fratrum

128 2268 423 2366 Carthaginensium
448 2281 566 2330 mentes
592 2266 632 2330 ad
658 2289 749 2354 opem
774 2264 934 2329 ferendam
961 2265 1175 2338 laborantibus

128 2353 277 2418 Numidts
287 2353 343 2439 qui
355 2352 521 2417 abarbaris
536 2353 594 2416 hac
609 2365 792 2438 tempestate
808 2365 896 2415 erant
905 2351 1007 2438 capti3
1025 2351 1116 2438 cujus
1130 2351 1175 2416 rei

127 2439 245 2503 mentio
259 2438 395 2503 occurrit
409 2441 474 2525 Ep.
486 2442 539 2504 62.
553 2438 594 2502 sd
611 2437 741 2502 Pamelii
756 2459 902 2501 numeros
917 2441 970 2502 60.
1014 2436 1174 2501 Libellum
1283 2478 1288 2488 ·

129 2526 214 2590 hunc
235 2537 307 2589 ante
328 2524 413 2587 illam
435 2524 555 2588 cladem
578 2523 729 2610 scriptum
751 2523 847 2587 fuisse
868 2523 942 2586 satis
961 2522 1034 2586 inde
1053 2523 1177 2588 confici-

130 2626 201 2686 tur;
225 2611 312 2697 quod
333 2610 415 2674 inter
438 2611 644 2687 hortamenta,
664 2609 751 2674 nulla
771 2622 915 2673 occurrat
935 2608 1053 2672 mentio
1074 2633 1177 2674 causae

129 2711 192 2761 tam
209 2695 398 2761 favorabilis.
444 2697 632 2760 Tractatum
651 2695 749 2782 igitur
767 2695 870 2782 ipsum
890 2718 939 2759 an.
953 2714 1027 2793 254.
1041 2695 1177 2782 assigna-

129 2806 210 2859 mus,
226 2782 283 2870 qui
301 2781 484 2869 praedictam
505 2781 710 2845 barbarorum
727 2781 933 2845 incursionem
955 2779 1080 2844 videtur
1097 2804 1178 2868 prae-

129 2871 263 2935 cessisse.
316 2868 451 2932 Librum
478 2868 563 2931 huuc
587 2867 697 2931 laudat
722 2868 765 2932 D.
791 2867 978 2954 Hieronym.
1006 2867 1109 2954 Epist.
1135 2868 1178 2931 sd

130 2954 312 3020 Pammach.
335 2977 391 3018 nec
413 2977 475 3017 nou
499 2955 543 3017 D.
559 2956 700 3040 August.
723 2968 832 3017 contra
854 2953 1057 3040 Pelagianos:
1082 2955 1175 3018 Cont.

130 3041 251 3105 Julian.
267 3056 298 3103 et
317 3039 390 3104 alibi
409 3039 534 3125 passim.
580 3040 734 3127 Ejusdem
754 3038 929 3103 meminisse
948 3038 1074 3103 videtur
1094 3041 1178 3102 Pon-

131 3126 193 3191 tius
204 3127 263 3191 sub
277 3127 370 3190 titulo
383 3125 455 3189 libri
466 3126 504 3189 de
514 3126 750 3190 Misericordia.
774 3126 919 3188 Fatuus.
958 3125 1009 3187 De
1023 3124 1083 3188 hoc
1097 3123 1178 3188 libro

131 3212 173 3277 sic
197 3212 338 3299 loquitur
364 3228 489 3275 sanctus
516 3211 732 3297 Hieronymus
756 3210 789 3273 in
814 3209 945 3296 epistola
967 3209 1008 3273 ad
1032 3210 1178 3275 Pamma-

131 3298 237 3365 chium
253 3298 293 3361 de
306 3297 492 3362 dormitione
507 3296 668 3361 Paulinae:
696 3297 840 3369 Quantas
856 3298 941 3358 vires
955 3295 1067 3359 leuben
1082 3299 1175 3359 nise·

129 3385 281 3463 ricerdis,
297 3393 327 3448 et
343 3385 457 3470 quibus
477 3382 624 3446 &nunde
643 3383 687 3445 sit
705 3382 860 3466 premiis,
881 3390 911 3445 et
930 3382 1038 3444 beatus
1059 3383 1178 3467 Cypri-

130 3494 214 3536 anus
230 3471 357 3558 grandi
379 3469 536 3532 volumine
551 3467 769 3570 persequitur,
792 3476 823 3531 et
843 3467 992 3530 Danielis
1012 3469 1178 3530 cornilione

125 3559 253 3644 probet,
274 3558 329 3643 qui
351 3576 457 3641 regem
479 3555 715 3640 impiissimum,
734 3554 765 3617 si
786 3553 900 3616 audire
922 3552 1080 3630 uoluisset,
1100 3554 1179 3618 dicit

125 3665 196 3728 pau
219 3663 307 3704 erunt
322 3641 549 3705 sustentatione
562 3639 763 3702 sulcandum.
793 3641 978 3702 Batuzrus.

177 3665 263 3875 Ibid(i
276 3726 296 3791 l.
313 3742 363 3810 17.
387 3723 747 3808 homini-reservando]
768 3727 832 3788 Pro
846 3723 985 3809 eoquod
999 3737 1056 3800 est,
1072 3722 1178 3787 denuo

132 3834 240 3876 servan
265 3836 294 3877 o.

73 3954 77 3963 .
177 3896 260 3961 Ibid.
277 3897 297 3960 l.
313 3917 362 3981 19.
379 3895 486 3960 Adam
498 3898 689 3982 portaverat]
706 3897 952 3982 Apportaverat‚
968 3892 1093 3957 inflixit.
1131 3894 1176 3959 D.

133 3985 272 4069 August.
294 3982 379 4045 hunc
399 3980 502 4045 locum
522 4005 564 4044 sse
587 3980 635 4045 ius
657 3981 776 4058 laudat,
794 3979 932 4065 dicitque
951 3979 1031 4042 duas
1052 3978 1178 4065 Pelagi-

132 4090 263 4132 auorum
279 4066 429 4131 falsitates
448 4066 498 4130 hic
517 4004 677 4153 reditrgui,
691 4089 789 4130 renam
804 4088 867 4152 que
882 4066 992 4128 dieunt
1005 4065 1088 4127 nihil
1102 4067 1177 4128 viti·

132 4177 223 4218 orum
245 4174 285 4215 ee
299 4153 402 4215 Adam
423 4153 547 4216 trahere
591 4173 670 4216 erius
690 4153 876 4228 humanum,
898 4151 980 4238 quod
998 4151 1041 4214 sit
1061 4171 1179 4212 sonora-

132 4241 208 4303 dum
221 4237 458 4324 recreandumque
466 4260 530 4324 per
545 4176 728 4303 &ristun-
750 4239 884 4301 alterum
897 4257 961 4323 que
974 4236 1094 4313 dieunt,
1109 4236 1178 4299 nul-
