2678 4830
187 311 250 374 180
537 308 878 373 TERTULLIANI

185 481 303 571 nibus,
316 480 379 581 qui
397 495 435 555 et
452 479 521 580 ipsi
539 479 659 554 adhuc
676 507 713 553 se
731 505 890 579 quaerere
909 480 1168 578 profiteantur?
1196 479 1234 553 Si

184 597 283 673 enim
302 598 421 672 adhuc
437 623 520 671 vere
541 611 718 695 quaerunt,
734 596 826 669 nihil
846 596 964 670 adhuc
988 597 1073 670 certi
1096 623 1236 695 repere·

184 727 289 789 runt:
315 727 352 788 et
373 714 454 793 ideo
477 715 733 813 quodcumque
750 713 918 788 videntur
939 713 1083 786 interim
1102 728 1236 803 tenere,

182 830 446 906 dubitationem
483 859 586 905 suam
622 831 818 905 ostendunt
851 829 1024 927 quamdiu
1055 843 1234 927 quaerunt.

183 949 313 1046 Itaque
330 964 382 1039 tu,
393 949 454 1047 qui
473 948 621 1048 perinde
640 948 780 1046 quaeris,
799 961 965 1048 spectans
984 947 1028 1020 ad
1043 946 1180 1043 eosqui
1197 960 1261 1034 ets

182 1065 251 1166 ipsi
278 1079 455 1164 quaerunt,
471 1066 603 1141 dubius
630 1093 651 1138 a
677 1065 807 1152 dubiis,
829 1065 985 1138 incertus
1009 1066 1054 1137 ab
1078 1064 1235 1154 incertiS,

183 1210 299 1258 caecus
317 1211 337 1257 a
355 1183 470 1272 oaeciS,
487 1183 526 1255 in
543 1183 683 1256 foveam
702 1180 889 1255 deducaris
909 1208 1053 1254 necesse
1071 1195 1134 1254 est.
1162 1179 1234 1263 Sed

183 1327 267 1376 cum
295 1298 498 1398 decipiendi
526 1299 639 1398 gratia
668 1296 900 1399 praetendunt
928 1325 965 1370 se
992 1297 1110 1370 adhuc
1137 1323 1235 1394 quae-

183 1445 271 1506 rere,
281 1430 323 1490 ut
335 1417 439 1490 nobis
458 1444 521 1517 per
539 1414 789 1491 sollicitudinis
808 1414 1040 1510 injectionem
1061 1426 1233 1488 tractatus

183 1562 266 1609 suos
284 1534 488 1607 insinuent:
515 1533 670 1632 denique
689 1532 751 1606 ubi
771 1530 922 1606 adierint
941 1531 985 1604 ad
1003 1558 1081 1619 nos,
1099 1531 1234 1623 statim,
1248 1561 1284 1599 ιο

183 1678 263 1751 quae
289 1650 458 1724 dicebant
482 1649 674 1747 quaerenda
696 1677 784 1741 esse,
804 1647 1025 1721 defendunt:
1049 1646 1127 1743 jam
1151 1647 1233 1722 illos

183 1766 235 1840 sic
252 1765 426 1840 dehemus
445 1768 611 1856 refutare,
628 1780 670 1839 ut
687 1766 802 1840 sciant
819 1792 885 1837 nos
903 1792 975 1837 non
994 1763 1151 1854 Christe,
1170 1764 1233 1837 sed

183 1882 250 1956 sibi
270 1895 458 1981 negatores
472 1910 559 1956 esse.
586 1883 680 1955 Cum
701 1883 799 1954 enim
817 1893 982 1978 quaerunt
1000 1879 1129 1970 adhuc,
1142 1908 1234 1954 non·

183 1996 270 2070 dum
289 2010 431 2084 tenent3
450 2025 535 2072 cum
555 2011 677 2073 autem
695 2025 768 2071 non
787 2010 924 2086 tenent,
937 1996 1100 2072 nondum
1119 1997 1234 2071 credi-

182 2113 335 2200 derunt;
363 2141 445 2188 cum
471 2129 593 2189 autern
618 2114 779 2189 nondum
800 2113 1038 2204 crediderunt,
1055 2140 1128 2187 non
1147 2128 1233 2188 sunt
1247 2142 1281 2202 15

183 2232 393 2307 Christiani.
424 2234 476 2307 At
493 2261 578 2307 cum
594 2246 720 2307 tenent
737 2233 885 2332 quidem
903 2246 939 2306 et
957 2232 1118 2323 credunt,
1135 2260 1233 2330 quae-

182 2349 335 2436 rendum
357 2364 478 2425 tamen
503 2351 630 2426 dicunt
654 2365 694 2425 ut
719 2350 932 2424 defendant:
960 2364 1152 2448 antequam
1171 2350 1235 2424 de-

182 2464 342 2558 fendant,
368 2482 502 2569 negant
528 2467 625 2568 quod
652 2467 813 2554 credunt,
839 2470 1052 2543 confitentes
1081 2493 1118 2540 se
1145 2495 1235 2541 non-

181 2581 272 2658 dum
296 2586 499 2677 credidisse,
516 2587 604 2661 dum
628 2596 806 2684 quaerunt.
860 2584 934 2665 Qui
960 2611 1045 2683 ergo
1072 2611 1138 2658 nec
1164 2585 1233 2658 sibi

184 2712 269 2772 sunt
285 2700 494 2792 Christiani,
513 2715 650 2800 quanto
675 2699 788 2797 magis
812 2699 942 2772 nobis?
986 2701 1060 2783 Qui
1084 2727 1148 2800 per
1168 2702 1283 2781 fal-20

183 2813 314 2887 laciam
341 2816 504 2908 veniunt,
525 2819 670 2916 qualem
698 2815 807 2889 fidem
835 2813 1046 2915 disputant?
1082 2815 1151 2889 Cui
1175 2843 1234 2890 ve-

184 2929 280 3003 ritati
317 2933 598 3031 patrocinantur,
632 2933 694 3030 qui
730 2959 809 3006 eam
846 2959 866 3005 a
902 2932 1091 3006 mendacio
1125 2934 1234 3007 indu-

184 3046 295 3120 cunti

233 3163 306 3239 Sed
324 3166 393 3265 ipsi
412 3166 456 3240 de
474 3166 658 3266 scripturis
677 3179 802 3265 ¹agunt,
820 3180 857 3239 et
879 3164 925 3239 de
947 3166 1130 3266 scripturis
1153 3195 1234 3242 sua-

114 3286 121 3301 '
183 3279 281 3356 dent.
332 3284 492 3359 Aliunde
509 3285 647 3358 scilicet
667 3285 765 3383 loqui
784 3297 932 3384 possent
948 3283 993 3357 de
1012 3286 1117 3358 rebus
1136 3285 1232 3375 fidei,
1244 3309 1278 3369 25

182 3398 251 3471 nisi
282 3426 327 3473 ex
358 3402 485 3487 litteris
513 3401 621 3475 fidei?
655 3402 832 3475 Venimus
859 3403 969 3501 igitur
998 3401 1041 3475 ad
1069 3403 1233 3502 proposi-

182 3524 287 3587 tum:
314 3517 386 3590 huc
404 3517 502 3591 enim
521 3517 777 3617 dirigebamus,
789 3533 826 3593 et
844 3520 914 3593 hoc
931 3522 1232 3618 praestruebamus

183 3629 420 3707 adlocutionis
437 3633 658 3731 praefatione,
672 3646 714 3706 ut
733 3634 812 3730 jam
841 3634 926 3708 hinc
949 3634 995 3707 de
1018 3661 1061 3708 eo
1084 3662 1233 3735 congre-

182 3744 335 3836 diamur,
352 3747 396 3819 de
415 3775 488 3845 quo
507 3747 696 3822 adversarii
717 3764 924 3850 provocant.
952 3750 1145 3850 scripturas
1168 3752 1232 3824 oh

181 3860 348 3951 tendunt,
378 3878 415 3936 et
442 3865 511 3938 hac
538 3892 601 3939 sua
628 3865 776 3940 audacia
801 3868 922 3940 statim
950 3867 1126 3965 quosdam
1155 3893 1280 3960 mo-30

181 3990 288 4065 vent:
323 3978 360 4051 in
388 3979 467 4079 ipso
496 4006 579 4055 vero
605 4009 798 4081 congressu
824 3985 947 4058 firmos
974 3984 1124 4080 quidem
1150 3983 1232 4057 fati-

182 4108 282 4196 gant,
300 4095 462 4171 infirmos
480 4097 639 4196 capiunt,
657 4099 796 4173 medios
813 4127 896 4174 cum
921 4101 1091 4201 scrupulo
1108 4099 1232 4175 dimit·

181 4224 275 4289 tunt.
322 4213 437 4289 Hunc
452 4213 561 4315 igitur
577 4216 808 4315 potissimum
825 4217 977 4316 gradum
995 4219 1230 4310 obstruimus,
