2678 4830
275 343 340 406 DE
365 340 521 407 OPERE
544 341 609 405 ΕΤ
633 340 985 407 ELEEMOSYNIS.
1095 343 1161 412 297

112 533 253 586 temam
271 512 497 586 dulcedinem
517 512 686 600 caritatis,
703 513 840 610 operari
860 514 974 612 magis
992 513 1100 586 debes
1118 526 1161 586 ut

113 629 207 702 filios
229 643 310 702 tuos
334 629 416 702 Deo
437 628 536 724 justa
561 629 767 727 operatione
784 628 1026 702 commendes.
1077 629 1160 703 Nec

113 773 198 820 eum
225 746 345 818 liberis
372 745 441 818 tuis
466 745 603 844 cogites
625 757 764 844 patrem
783 745 845 842 qui
867 759 903 819 et
923 745 1159 845 temporarius

114 876 152 934 et
174 862 338 933 infirmus
359 875 424 949 est,
442 860 505 933 sed
529 861 630 933 illum
657 886 758 959 pares
781 860 843 958 qui
867 874 1025 943 aeternus,
1041 876 1078 934 et
1102 863 1162 934 fir-

87 1002 197 1063 5mus
216 978 371 1049 filiorum
393 976 606 1076 spiritalium
627 977 732 1049 Pater
748 989 812 1049 est.
864 978 923 1050 Illi
949 978 1088 1075 assigna
1109 977 1162 1051 fa-

116 1095 266 1168 cultates
284 1107 364 1165 tuas
383 1120 471 1190 quas
491 1092 691 1166 haeredibus
710 1120 837 1167 servas.
878 1095 946 1168 Ille
969 1094 1015 1166 sit
1040 1094 1161 1167 liberis

115 1211 186 1283 tuis
205 1223 312 1299 tutor,
329 1210 389 1281 ille
407 1222 558 1297 curator,
571 1209 630 1281 ille
649 1222 774 1282 contra
789 1236 913 1284 omnes
932 1210 1078 1306 injurias
1096 1238 1163 1284 sae-

116 1327 252 1400 culares
282 1325 403 1398 divina
433 1324 620 1420 majestate
649 1324 839 1424 protector.
898 1326 1160 1400 Patrimonium

116 1442 198 1515 Deo
216 1440 393 1514 creditum
412 1467 478 1513 uec
497 1441 699 1540 respublica
716 1442 834 1542 eripit,
851 1469 919 1515 nec
937 1443 1045 1514 fiscus
1063 1442 1161 1514 inva-

70 1557 180 1648 rodit‚
203 1586 269 1630 uec
295 1556 476 1630 calumnia
501 1557 620 1655 aliqua
645 1558 795 1630 forensis
821 1558 958 1631 evertit.
1010 1558 1054 1631 In
1080 1570 1163 1630 tuto

117 1674 304 1748 haereditas
328 1673 474 1772 ponitur
490 1699 571 1770 quae
591 1674 674 1747 Deo
695 1674 842 1747 custode
864 1687 1033 1748 servatur.
1075 1674 1162 1747 Hoc

116 1806 172 1866 est
194 1791 283 1865 caris
307 1789 516 1890 pignoribus
540 1792 578 1863 in
601 1804 784 1890 posterum
805 1790 1002 1891 providere,
1021 1792 1091 1865 hoc
1108 1804 1163 1864 est

114 1907 243 1982 futuris
270 1905 474 1980 haeredibus
498 1919 646 2005 paterna
666 1907 801 2005 pietate
825 1909 1010 1981 consulere
1036 1935 1163 1982 secun-

114 2026 203 2098 dum
223 2024 331 2097 fidem
351 2022 536 2122 scripturae
555 2037 686 2096 sanctae
704 2022 871 2097 dicentis:
889 2023 1028 2098 Junior
1030 2023 1114 2125 fui,
1127 2035 1163 2098 el
1171 2050 1211 2099 rc
1223 2050 1307 2100 mvi.

70 2143 228 2230 15senui,
247 2152 282 2215 et
304 2166 376 2213 nou
398 2139 475 2213 vidi
488 2139 635 2240 justum
658 2139 882 2228 derelictum,
902 2167 1019 2240 neque
1040 2167 1163 2214 sennen

114 2259 192 2357 ejus
209 2283 319 2357 egens
331 2281 439 2354 pune.
479 2256 571 2328 Tota
594 2254 653 2327 die
675 2256 868 2330 miseretur
884 2267 920 2329 et
927 2253 1110 2357 funerat,
1127 2267 1163 2331 et

112 2401 233 2447 semen
252 2373 330 2473 ejus
347 2373 385 2445 iu
403 2372 644 2446 benedictione
662 2381 726 2445 est.
755 2372 807 2446 Et
823 2372 965 2463 iterum,
987 2373 1065 2451 Qui
1082 2393 1242 2447 con-Pron
1253 2410 1296 2444 xx.

112 2501 283 2565 versatur
303 2492 384 2564 sine
404 2489 673 2587 vituperatione
694 2490 734 2563 in
748 2489 913 2592 justitia,
938 2490 1060 2564 beatos
1076 2500 1162 2588 post

113 2635 152 2680 se
153 2605 266 2706 filios
280 2606 473 2706 relinquet.

68 2751 105 2791 20
163 2726 248 2798 XV.
275 2724 526 2798 Praevaricator
544 2723 664 2822 itaque
681 2737 719 2797 et
734 2723 895 2823 proditor
911 2738 1014 2825 pater
1029 2752 1078 2816 εε,
1092 2726 1159 2799 nisi

114 2841 198 2916 filiis
216 2840 287 2915 tuis
306 2839 459 2913 fideliter
476 2840 654 2929 consulas,
672 2841 739 2913 nisi
757 2841 1006 2915 conservandis
1030 2842 1081 2915 eis
1106 2869 1161 2915 re-

112 2959 240 3057 ligiosa
265 2970 302 3029 et
326 2983 407 3029 vera
433 2957 567 3056 pietate
589 2957 796 3057 prospicias.
849 2959 921 3041 Qui
946 2959 1067 3032 studes
1091 2974 1161 3034 ter·

113 3101 199 3146 reno
217 3071 333 3170 magis
349 3097 458 3169 quam
477 3071 616 3145 coelesti
634 3072 862 3171 patrimonio,
874 3073 968 3146 filios
986 3089 1067 3147 tuos
1086 3074 1160 3147 dia-

113 3190 197 3262 bolo
225 3188 338 3288 magis
365 3187 618 3260 commendare
645 3214 756 3285 quam
782 3188 940 3279 Christo,
967 3190 1022 3262 bis
1048 3189 1161 3263 delin-

67 3305 219 3404 25quis3
247 3317 283 3377 et
314 3303 501 3402 geminum
529 3329 571 3375 ac
599 3302 736 3402 duplex
762 3303 898 3375 crimen
926 3303 1098 3394 admittis,
1124 3322 1161 3380 et

114 3420 212 3518 quod
236 3447 308 3493 non
335 3446 511 3518 praeparas
536 3418 620 3490 filiis
642 3419 715 3492 tuis
740 3418 810 3492 Dei
836 3419 950 3493 Patris
973 3421 1161 3515 auxilium,

113 3550 151 3610 et
172 3537 270 3635 quod
293 3535 401 3609 doces
418 3535 511 3607 filios
535 3535 793 3634 patrimonium
812 3537 893 3632 plus
911 3563 1031 3611 amare
1048 3563 1160 3635 quam

113 3653 312 3727 Christum.
351 3651 442 3725 Esto
459 3651 580 3751 potius
598 3651 719 3725 liberis
737 3652 808 3725 tuis
825 3666 928 3753 pater
945 3653 1026 3726 talis
1044 3654 1160 3751 qualis

112 3769 245 3843 Tobias
266 3769 397 3843 extitit.
449 3769 511 3842 Da
528 3769 630 3841 utilia
647 3781 685 3841 et
702 3769 868 3843 salutaria
886 3783 1065 3868 praecepta
1081 3770 1160 3870 pig-

65 3885 259 3973 gonoribus
277 3885 397 3982 qualia
416 3884 474 3958 ille
493 3884 569 3957 filio
586 3884 700 3970 dedit;
721 3885 852 3958 manda
869 3885 953 3958 filiis
972 3886 1042 3958 tuis
1061 3886 1159 3982 quod

112 4016 149 4075 et
172 4002 232 4073 ille
251 4001 326 4074 filio
344 4000 538 4090 mandavit,
559 4000 706 4074 dicens:
730 4002 784 4075 Et
806 4027 912 4091 nunc,
922 4000 1005 4102 fili,
1027 4004 1274 4077 mandarun

112 4119 192 4208 tibi,
208 4119 307 4192 servi
323 4119 405 4191 Deo
429 4118 468 4191 in
491 4117 659 4206 veritate,
684 4125 720 4191 et
730 4116 808 4218 fac
834 4144 955 4191 coram
978 4117 1042 4191 illo
1064 4120 1162 4217 quod

112 4235 171 4310 illi
181 4234 318 4333 placet,
336 4231 484 4333 etfilils
506 4233 730 4306 talemundo
747 4230 1158 4334 utfaciuutjustitiam
