2678 4830
119 182 146 250 ii
511 177 776 250 LECTORI.

121 377 225 486 quid
258 377 312 457 de
345 375 592 456 auctoritate
630 375 737 456 sedis
772 375 985 474 Romanae,
1019 389 1171 460 cuncta
1261 464 1268 483 ⁸

121 523 197 603 sibi
219 520 480 616 vindicantis,
499 520 664 602 sciverit
682 520 920 629 antiquitas

177 666 302 746 Certe
328 664 371 744 in
392 664 535 772 primis
555 663 715 746 saeculis
734 663 1059 775 haudquaquam
1084 667 1169 748 ori·

122 810 250 893 entali
289 821 363 892 aut
403 810 529 892 etiam
568 810 817 893 occidentali
856 811 1037 894 ecclesiae
1080 810 1172 921 pla-

122 955 220 1050 cuit,
248 966 299 1034 ut
329 954 532 1034 Romanae
563 953 744 1035 ecclesiae
775 953 840 1037 vel
867 954 1097 1035 dominatio
1126 953 1173 1035 in

122 1110 366 1179 caeterarum
399 1097 537 1193 fidem,
572 1096 637 1178 vel
673 1097 915 1178 immunitas
948 1100 1000 1178 ab
1033 1125 1175 1179 errore

121 1243 238 1350 quasi
253 1270 278 1323 a
292 1242 384 1324 Deo
400 1269 589 1324 concessa
608 1243 921 1325 attribueretur.
963 1243 1175 1332 Quaecun-

123 1414 205 1494 que
235 1388 345 1468 enim
381 1415 494 1468 nunc
525 1398 635 1483 sunt
665 1384 731 1467 vel
767 1414 955 1496 unquam
986 1385 1175 1483 fuerunt,

118 1532 214 1638 jura
252 1529 397 1638 primae
437 1530 545 1611 sedis
581 1559 628 1611 ac
673 1529 901 1639 privilegia,
941 1529 1080 1610 omnia
1125 1558 1175 1611 ea

123 1671 242 1753 nullo
266 1671 347 1752 alio
375 1672 454 1752 niti
481 1672 757 1755 fundamento
786 1684 938 1782 praeter
963 1683 1176 1754 vetustam

123 1817 467 1897 consuetudinem
506 1828 549 1897 et
586 1817 801 1924 synodicas
840 1817 1175 1916 constitutiones,

124 1959 336 2042 orientalis
359 1959 506 2041 saltem
531 1958 701 2041 ecclesia
720 1963 942 2042 statuebat.
1000 1961 1092 2041 Imo
1112 1973 1178 2043 to-

124 2116 193 2186 tus
218 2105 328 2185 orbis
353 2105 395 2185 in
420 2102 595 2185 concilio
620 2103 794 2185 Nicaeno
816 2109 913 2214 jura
934 2104 1101 2185 nonnisi
1122 2134 1177 2187 ex

124 2249 253 2332 veteri
283 2278 397 2331 more
426 2262 517 2329 orta
545 2249 680 2330 eidem
710 2249 809 2346 sedi,
838 2248 979 2331 aliisve
1009 2251 1179 2360 majori-

125 2400 201 2478 bus
224 2394 414 2492 ecclesiiS,
433 2395 630 2476 adscribit
642 2405 667 2472 ¹¹.
721 2394 779 2474 Et
798 2406 1179 2502 quantumcunque

125 2541 202 2623 sibi
244 2541 447 2623 honorem
488 2569 539 2622 ex
577 2539 857 2648 amplitudine
894 2537 1180 2647 apostolorum

127 2685 242 2765 Petri
270 2697 314 2765 et
341 2683 473 2781 Pauli,
494 2684 567 2793 qui
592 2683 806 2765 ecclesiam
830 2685 1063 2764 Romanam
1088 2693 1179 2764 sta-

127 2827 366 2924 biliverunt,
386 2827 501 2907 urbis
525 2828 672 2907 Romae
702 2829 881 2937 episcopi
911 2828 988 2908 sibi
1014 2855 1184 2936 compa-

126 2972 320 3067 raverint,
349 2968 414 3049 his
443 2982 595 3065 tamen,
619 2969 762 3079 judice
791 2971 966 3053 concilio
993 2971 1181 3080 generali

128 3115 471 3212 Chalcedonensi,
490 3112 548 3192 διὰ
571 3111 613 3193 τὸ
636 3117 844 3210 βασιλεύειν
867 3115 933 3216 τὴν
957 3115 1067 3196 πόλιν
1092 3119 1183 3196 ἐκεί-

128 3297 192 3362 νην
220 3267 253 3342 οἱ
274 3261 423 3365 πατέρες
448 3256 591 3344 εἰκότως
615 3260 864 3340 ἀποδεδώκασι
889 3260 936 3341 τὰ
962 3268 1138 3365 πρεσβεῖα
1152 3260 1180 3343 ¹’.

130 3408 198 3489 Ex
227 3436 322 3517 quo,
349 3407 425 3487 etsi
460 3403 642 3487 ecolesiae
678 3405 1071 3514 Hierosolymitanae
1104 3405 1182 3486 ho-

130 3580 206 3633 nor
236 3550 381 3632 solitus
410 3561 454 3629 et
482 3552 681 3658 antiquus
711 3578 869 3632 canone
895 3552 1071 3660 septimo
1102 3550 1183 3631 Ni-

130 3724 245 3776 caeno
279 3694 548 3776 confirmatus
582 3706 655 3793 est,
690 3697 887 3778 Caesareae
922 3708 1062 3777 tamen
1093 3724 1182 3776 me-

132 3838 293 3948 tropoli,
308 3839 455 3921 eodem
475 3866 633 3921 canone
649 3842 837 3949 jubente,
853 3840 964 3922 salva
983 3843 1182 3922 manebat

213 4072 228 4102 ³
250 4060 370 4116 Conone
386 4059 476 4118 Sexto
491 4060 624 4118 Nicaeuo,

213 4155 229 4199 b
244 4159 365 4214 Conone
378 4158 519 4216 vicesimo
533 4169 637 4215 octavo
652 4157 894 4216 Chalcedonensi.
