2678 4830
154 340 220 402 204
489 336 867 400 ANNOTATIONES

154 509 188 572 h.
200 529 227 571 e.
244 521 300 570 aut
316 519 417 570 totum
433 521 489 570 aut
503 529 576 592 pars
590 506 751 570 mendacii.
785 505 835 569 Sic
850 505 911 570 ille.
944 506 1082 571 Semlero
1096 524 1203 574 autem

155 616 228 657 vera
249 592 341 657 lectio
359 591 499 655 nondum
522 605 612 655 eruta
632 591 776 665 videtur3
807 590 847 654 ad
865 597 1020 673 προβολὰς
1039 617 1113 657 vero
1135 595 1202 658 hae-

154 680 320 743 reticorum
337 678 488 764 respicere
503 701 604 755 voces,
620 679 714 755 natio,
730 699 829 756 seam,
843 677 925 740 idem
942 678 989 741 vir
1003 679 1202 744 doctissimus

153 765 312 852 opinatur.
336 764 480 828 Ferenda
495 764 639 827 editionis
653 763 801 849 principis
815 764 905 828 lectio
917 763 1052 843 videtur,
1068 768 1091 829 si
1108 767 1203 831 modo

153 874 296 938 reponas,
319 850 366 915 vel
388 849 467 913 ratio
493 853 713 933 quodammodo
734 852 836 929 scails,
855 849 963 914 habito
984 851 1024 914 ad
1047 858 1203 933 προβολὰς

152 937 237 1016 istas,
261 952 298 1000 ut
319 936 363 1000 ait
386 936 553 1015 semlerus,
577 951 731 1022 respectu.
773 936 890 1011 Habes,
906 935 1009 1021 inquit
1029 938 1200 1002 Tertullia-

152 1047 223 1101 nus,
239 1025 420 1107 ogdoadem,
437 1024 585 1085 tetrudem
604 1023 761 1104 duplicem,
784 1044 821 1084 ea
840 1020 1101 1106 cotq‘ngationibas
1118 1046 1201 1087 mas·

153 1111 288 1173 calorum
302 1118 332 1171 et
337 1107 540 1188 jeminaeum.
562 1111 656 1172 Atlas.
675 1108 909 1184 Valentinianos,
926 1131 995 1193 cap.
1013 1124 1042 1190 7.

197 1197 235 1259 P.
260 1210 331 1279 152.
356 1193 375 1256 l.
401 1194 450 1257 18.
480 1196 568 1257 Ante
595 1208 669 1258 sunt
697 1193 825 1279 perfecti
854 1193 1080 1273 catechumeni,
1104 1217 1201 1280 quam

152 1279 268 1368 edocti]
287 1281 360 1343 Hoc
378 1292 436 1358 est,
452 1282 541 1343 Ante
563 1280 674 1344 τέλειοι
694 1295 777 1358 sunt,
799 1303 894 1364 quam
912 1282 1092 1360 ἀκροώμενοι
1110 1281 1199 1344 andi·

153 1376 247 1443 entes,
265 1367 423 1429 discentes.

196 1452 282 1516 Ibid.
298 1450 320 1513 l.
334 1470 385 1517 at.
408 1451 594 1538 fortassean]
608 1451 681 1513 Hoc
697 1449 808 1514 mediae
824 1450 924 1514 aetatis
939 1450 1126 1514 vocabulum
1141 1473 1200 1536 pro

152 1537 238 1602 edito
248 1536 396 1617 forsitan,
408 1537 489 1624 jussi
503 1535 696 1624 ponendum,
712 1559 783 1600 cum
799 1550 885 1600 extet
904 1536 935 1599 in
957 1537 1032 1600 edit.
1047 1535 1198 1624 principe,

152 1623 207 1688 sed
223 1622 356 1699 divisim,
364 1622 502 1703 fortasse
515 1644 566 1685 an.

151 1793 158 1806 ·
196 1708 281 1856 lpid.
297 1707 318 1771 l.
334 1727 383 1794 23.
399 1731 483 1772 nunc
498 1706 611 1771 saeculo
625 1705 802 1791 obstrictos]
821 1707 965 1794 Negotiis
980 1722 1077 1793 atque
1091 1708 1198 1773 officiis

151 1817 193 1857 un
228 1809 335 1857 reatos.

195 1817 280 1943 ibid.
298 1877 317 1940 l.
332 1880 382 1945 28.
404 1901 472 1942 cras
485 1878 576 1962 alius]
596 1877 654 1941 Vel
667 1877 801 1954 diverso,
817 1877 867 1942 vel
882 1878 969 1943 nullo
983 1880 1113 1943 fortasse
1128 1901 1198 1942 mu-

151 1988 225 2029 nere
239 1965 377 2045 functus,
393 1977 429 2028 ut
444 1963 604 2050 sequentia
617 1962 798 2027 ostendunt.

196 2054 232 2114 P.
249 2066 319 2135 153.
338 2050 360 2114 l.
372 2071 404 2131 4.
427 2051 545 2114 Adime
566 2049 626 2113 illis
644 2049 676 2112 in
698 2050 799 2136 legem
814 2051 921 2137 Moysi
937 2064 967 2114 et
982 2049 1151 2136 prophetas
1166 2065 1197 2114 et

153 2139 333 2202 Creatorem
356 2137 462 2200 Deum
482 2136 721 2213 accusationem,
742 2151 774 2201 et
795 2135 882 2222 loqui
905 2160 965 2199 non
989 2136 1105 2199 habent
1147 2138 1198 2200 Ita

152 2222 255 2288 locum
275 2221 408 2287 restitui.
446 2223 551 2309 Vulgo
571 2221 691 2286 editum
712 2235 769 2301 est,
783 2223 892 2285 Adime
905 2223 965 2285 illis
982 2223 1078 2306 legem
1133 2223 1198 2306 oysi

152 2319 184 2372 et
203 2310 365 2392 prophetas
386 2319 416 2372 et
438 2319 611 2386 creatorem,
633 2310 854 2372 accinctionem
877 2309 973 2392 eloqui
994 2330 1055 2371 non
1076 2310 1197 2372 habent.

153 2397 237 2459 Cum
252 2419 326 2459 vero
340 2409 459 2459 extaret
480 2395 511 2457 in
527 2394 601 2459 edit.
620 2395 719 2457 Paris,
734 2396 768 2457 in
789 2395 865 2479 lege,
881 2408 912 2457 et
933 2394 1077 2457 habuerit
1098 2394 1196 2457 codex

153 2482 328 2545 Wouwerii
342 2495 373 2545 et
389 2483 421 2545 in
440 2491 613 2561 creatorem,
628 2480 829 2567 positumque
844 2480 883 2545 sit
902 2481 934 2543 in
955 2479 1031 2544 edit.
1032 2480 1197 2628 dprincipe,

152 2577 183 2630 et
203 2569 282 2652 loqui
301 2591 360 2666 pro
380 2568 486 2652 eloqui,
501 2567 555 2631 vix
570 2567 754 2631 dubitabam
775 2567 863 2653 quin,
879 2566 924 2630 ita
944 2580 979 2629 ut
1000 2566 1030 2628 vi
1054 2590 1096 2642 eS,
1113 2566 1199 2630 locus

152 2655 311 2718 emendari
324 2653 460 2718 deberet·
505 2654 680 2717 Rhenanus
694 2653 820 2739 quidem
836 2653 877 2715 ad
892 2653 1014 2716 tertiam
1031 2675 1117 2715 suam
1134 2652 1198 2715 edi-

153 2739 268 2804 tionem
291 2739 459 2826 legendum
481 2739 608 2826 conjicit
630 2741 672 2802 ad
696 2741 863 2803 cantionem
885 2762 944 2826 pro
966 2740 1196 2815 accinctionem,

153 2826 207 2890 sed
221 2826 346 2889 frustra.

196 2910 282 2974 Ibid.
297 2909 318 2976 l.
330 2930 380 2977 12.
393 2910 469 2996 quia
484 2933 555 2973 cum
571 2911 644 2986 sint,
660 2932 723 2973 non
738 2909 864 2996 parent]
875 2910 920 2971 Et
935 2908 1002 2973 haec
1017 2922 1063 2973 est
1078 2932 1197 2987 caussa,

176 3019 250 3060 uare
269 2996 351 3058 inter
369 3019 421 3059 eos
440 3017 502 3058 nou
522 2995 583 3058 sint
603 2996 778 3073 schismata,
792 3017 855 3057 non
870 2994 956 3078 quod
971 3019 1043 3059 vere
1058 3019 1120 3058 non
1137 2995 1197 3058 sint

152 3020 365 3161 dissentiones,
376 3081 430 3144 sed
446 3079 521 3167 quia
535 3104 607 3145 cum
622 3104 728 3144 omnes
742 3103 800 3168 pro
814 3078 943 3142 libidine
958 3080 1095 3144 efficiunt
1110 3081 1196 3166 quod

152 3168 267 3253 cuique
285 3167 446 3255 placitum,
462 3190 525 3231 non
544 3180 708 3264 apparent,
724 3180 755 3229 et
774 3165 846 3228 ideo
864 3164 1017 3250 ipsissima
1032 3167 1134 3228 unitas
1150 3167 1195 3226 vi-

152 3253 257 3331 detur,
273 3277 344 3318 cum
359 3253 398 3318 sit
413 3252 625 3338 multiplicitas
640 3251 872 3314 sententiarum.
895 3252 1128 3313 DnnAcnnnn.

196 3341 280 3406 Ibid.
296 3340 319 3403 l.
339 3361 389 3426 13.
415 3339 554 3403 Schisma
575 3351 623 3401 est
645 3337 747 3401 unitas
767 3336 855 3422 ipsis]
884 3335 1023 3399 Schisma
1044 3335 1130 3420 quod
1150 3347 1195 3395 est

151 3426 261 3490 divisio
282 3450 302 3488 a
320 3424 490 3501 catholicis,
506 3422 666 3486 vinculum
687 3423 761 3509 ipsis
775 3436 821 3486 est
836 3421 975 3498 unitatis,
991 3420 1193 3506 quemadmo-

151 3512 228 3576 dum
248 3525 320 3575 ante
340 3511 504 3598 scripserat
521 3525 640 3589 auctor,
658 3510 745 3572 Nihil
763 3509 885 3572 interest
898 3509 969 3586 illis,
988 3509 1056 3570 licet
1077 3507 1196 3570 diuersa

152 3598 363 3676 tractantibus,
382 3599 453 3660 dum
475 3597 518 3660 ud
538 3597 626 3659 anina
646 3596 783 3660 veritatis
806 3594 1059 3679 expugnationem
1081 3593 1196 3673 compi

150 3693 227 3761 rent,
243 3705 312 3769 cap.
324 3704 379 3764 41.

194 3768 278 3834 Ibid.
296 3769 315 3832 l.
332 3788 379 3848 14·
401 3767 546 3854 proinde]
568 3769 644 3832 For.
656 3768 791 3849 perinde.
830 3768 929 3830 Voces
943 3789 962 3828 a
976 3764 1109 3828 librariis
1124 3788 1194 3827 mu-

149 3855 208 3918 tari
223 3854 332 3919 solent.

193 3940 280 4004 Ibid.
302 3941 322 4005 l.
340 3959 389 4021 24.
412 3938 504 4025 quasi
524 3939 589 4003 sine
608 3939 672 4002 lare
692 3939 859 4026 vagantur]
878 3935 1029 4002 Voculam
1049 3938 1136 4020 qnasi
1156 3960 1195 3999 ex

149 4026 285 4092 editione
306 4024 445 4112 principe
466 4025 596 4112 aliisque
617 4025 749 4090 restitui.
795 4026 836 4089 Iu
860 4047 896 4088 ea
921 4037 1025 4088 tamen
1047 4023 1195 4085 mendose

192 4113 285 4177 situm
301 4126 358 4191 est,
374 4112 463 4196 qnasi
475 4113 531 4175 sibi
547 4113 630 4192 latae,
645 4112 677 4176 in
696 4111 744 4175 ed.
760 4111 853 4175 tertia
871 4109 1017 4174 Rhenani
1032 4111 1120 4192 qnasi
1138 4109 1196 4170 sibi

183 4209 222 4276 te,
242 4199 275 4262 in
297 4197 407 4263 ultima
428 4197 574 4261 Rhenani
597 4200 685 4283 qnasi
707 4199 779 4274 late,
802 4197 835 4260 in
856 4196 906 4260 ed.
932 4196 1032 4258 Paris.
1053 4196 1111 4257 sibi
1135 4196 1196 4256 late

149 4284 262 4350 omisso
276 4286 372 4371 qnasi,
384 4285 417 4351 in
431 4284 480 4351 ed.
495 4284 631 4369 Franek.
646 4285 733 4369 quaa-i
746 4284 804 4347 eibi
818 4284 890 4362 late,
906 4296 943 4346 ut
957 4282 989 4346 in
1006 4281 1098 4347 tertia
1114 4279 1196 4344 Rhe-
