2678 4830
303 334 543 399 EPISTOLA
563 335 632 398 AD
656 335 689 400 S.
705 334 1009 401 CYPRIANUM.
1118 336 1184 401 235

137 504 212 578 sola
230 505 346 578 valere
362 531 469 604 posse
485 532 621 579 nomen
639 505 788 596 Christi,
805 505 863 580 cui
889 532 952 579 um
941 505 1185 581 concesserit
1216 540 1221 550 ·

137 621 303 695 Christus
320 621 479 696 coelestis
496 622 618 720 gratiae
635 634 865 722 potestatem.

187 737 300 811 XIII.
318 737 427 821 Quod
445 750 565 811 autem
584 738 741 838 pertinet
758 737 802 812 ad
819 737 1116 811 consuetudinem
1130 765 1185 812 re-
1191 754 1291 807 Verius

138 852 337 944 futandam,
364 879 475 951 quam
502 853 669 927 videntur
697 880 879 953 opponere
906 853 1068 939 veritati·
1102 830 1320 951 quisffil'

111 984 214 1056 stam
234 997 345 1044 vanus
371 970 428 1048 sit
441 983 482 1043 ut
503 970 644 1043 veritati
670 969 969 1045 consuetudinem
994 969 1184 1069 praeferatl
1191 953 1299 1004 sm

140 1100 214 1177 aut,
239 1087 302 1184 qui
328 1100 516 1185 perspecta
541 1087 622 1160 luce
646 1087 811 1160 tenebras
837 1113 912 1160 non
935 1085 1185 1184 derelinquat?

140 1201 221 1274 Nisi
248 1201 277 1274 si
301 1213 339 1274 et
353 1200 503 1275 Judaeos
525 1200 673 1275 Christo
697 1201 927 1291 adventante,
952 1201 989 1274 id
1012 1214 1078 1293 est,
1096 1203 1186 1276 veri-

139 1331 224 1405 tate,
259 1315 404 1413 adjuvat
434 1316 472 1390 in
506 1317 628 1415 aliquo
665 1317 914 1416 antiquissima
933 1318 1187 1409 consuetudo,

140 1433 237 1531 quod
262 1432 387 1506 relicta
408 1430 507 1534 (for.
527 1432 671 1530 rejecta)
690 1459 784 1506 nova
804 1432 962 1506 veritatis
984 1433 1042 1506 via
1064 1432 1102 1507 iu
1125 1458 1185 1506 ve-

96 1561 274 1625 10tustate
298 1549 571 1649 permanserint.
623 1549 731 1632 Quod
749 1548 896 1648 quidem
915 1549 1082 1623 adversus
1108 1548 1188 1623 Ste-

140 1666 304 1765 phanum
334 1690 397 1738 vos
424 1664 542 1739 dicere
568 1664 646 1739 Afri
677 1664 838 1764 potestis,
865 1665 1010 1764 cognita
1038 1665 1188 1738 veritate

140 1809 296 1855 errorem
314 1808 376 1855 vos
394 1781 664 1856 consuetudinis
683 1781 879 1880 reliquisse.
931 1780 1103 1855 Ceterum
1121 1807 1187 1855 nos

141 1898 281 1972 veritati
299 1911 337 1971 et
353 1897 650 1974 consuetudinem
663 1897 866 1998 jungimus,
883 1910 920 1971 et
937 1896 1189 1971 consuetudim

143 2015 394 2088 Romanorum
425 2014 722 2088 consuetudinem
758 2013 819 2086 sed
850 2013 1008 2087 veritatis
1037 2014 1190 2113 opponi-

96 2155 129 2216 15
143 2157 245 2215 mus;
273 2131 318 2202 ab
342 2129 446 2202 initio
472 2129 542 2203 hoc
569 2142 731 2202 tenentes
754 2128 852 2227 quod
874 2155 895 2201 a
914 2129 1061 2202 Christo
1084 2142 1121 2201 et
1142 2129 1189 2202 ab

141 2247 305 2346 apostolo
329 2245 502 2318 traditum
524 2257 589 2317 est.
640 2244 723 2318 Nec
741 2243 986 2334 meminimus,
1003 2245 1073 2319 hoe
1090 2244 1188 2344 apud

142 2388 207 2433 nos
231 2359 423 2458 aliquando
449 2359 614 2458 coepisse,
637 2386 721 2431 cum
748 2385 891 2457 semper
916 2358 997 2432 istic
1022 2360 1189 2431 observa-

142 2487 221 2549 tum
241 2476 298 2564 sit,
316 2488 445 2548 utnon
464 2474 531 2547 nisi
549 2501 659 2547 unam
685 2474 758 2547 Dei
781 2474 970 2548 ecclesiam
987 2500 1188 2564 nossemus,

141 2603 180 2664 et
196 2604 362 2666 sanctum
386 2593 566 2690 baptisma
582 2616 655 2663 non
673 2591 741 2663 nisi
757 2604 894 2665 sanctae
912 2592 1072 2665 ecclesiae
1088 2618 1188 2665 com-

94 2721 362 2807 20putaremus.
411 2708 521 2781 Plane
539 2707 711 2805 quoniam
729 2707 875 2806 quidam
896 2706 1081 2783 decorum
1100 2708 1189 2807 bap·

141 2825 251 2900 tismo
274 2824 500 2915 dubitabant,
516 2825 578 2923 qui
602 2837 640 2898 et
661 2824 691 2896 si
713 2851 823 2897 novos
845 2824 1039 2925 prophetas
1061 2823 1189 2924 recipi·

141 2954 219 3027 unt,
237 2940 382 3014 eosdem
408 2955 531 3015 tamen
554 2942 696 3015 Patrem
719 2953 758 3014 et
775 2927 916 3014 'Filium
941 2967 1046 3015 nosse
1067 2941 1188 3015 nobis-

142 3084 225 3130 cum
244 3058 434 3144 videntur;
460 3058 609 3158 plurimi
635 3057 743 3130 simul
766 3058 1023 3131 convenientes
1047 3057 1084 3131 in
1106 3058 1189 3132 Ico-

142 3172 205 3244 nio
235 3173 511 3272 diligentissime
540 3173 795 3258 tractavimus;
826 3186 864 3247 et
893 3170 1188 3247 confirmavimus

94 3315 129 3379 25
140 3288 402 3388 repudiandum
427 3316 504 3363 esse
525 3316 635 3363 omne
651 3289 800 3363 omnino
818 3289 1010 3388 baptisma,
1026 3287 1123 3386 quod
1141 3286 1190 3362 sit

139 3417 242 3478 extra
258 3405 447 3478 ecelesiam
465 3405 714 3479 constitutum.

190 3519 295 3594 XIV.
318 3520 377 3593 Ad
395 3520 484 3594 illud
502 3534 624 3595 autem
641 3519 739 3618 quod
756 3546 821 3620 pro
840 3519 1016 3595 haereticis
1032 3532 1209 3659 ponunt,
1194 3546 1306 3608 Apostoli

140 3650 177 3709 et
204 3637 305 3710 aiunt
331 3637 533 3736 apostolum
562 3635 718 3710 dixisse.
747 3636 831 3711 Sive
854 3664 920 3736 per
948 3636 1173 3711 occasionem
1175 3613 1287 3726 ,Ρῶ
1305 3701 1308 3707 .

140 3753 214 3826 sive
230 3782 295 3854 per
311 3755 511 3843 veritatem,
530 3756 697 3829 Christus
715 3755 965 3846 annuncietur,
982 3769 1022 3828 ut
1040 3781 1186 3854 respon·
1193 3743 1328 3882 Pffifp

89 3868 326 3963 godeamus,
316 3886 481 3972 ineptum
500 3885 575 3957 est;
601 3872 747 3970 quando
773 3872 1004 3945 manifestum
1024 3871 1082 3958 sit,
1100 3898 1187 3970 apo-
1196 3882 1234 3931 18

139 3987 304 4060 stolum
295 4015 331 4060 m
354 3988 505 4088 epistola
523 4015 586 4061 sua
603 4015 675 4086 qua
696 3989 766 4062 hoc
783 3987 886 4079 dixit,
903 4015 1021 4085 neque
1045 3987 1189 4060 haereti·

139 4129 278 4191 corum,
304 4131 420 4202 neque
446 4105 617 4204 baptismi
643 4131 768 4178 eorum
800 4103 1020 4177 mentionem
1048 4102 1187 4195 fecisse,

140 4219 203 4292 sed
214 4220 379 4293 locutum
396 4246 473 4292 esse
485 4219 530 4293 de
543 4220 710 4297 fratribus
724 4231 880 4307 tantum,
896 4219 970 4293 sive
982 4219 1119 4320 perfide
1131 4247 1186 4294 se-
