2678 4830
397 521 445 622 S.
483 517 959 625 CYPRIANUS.

542 792 818 846 -ss-

155 993 191 1066 S.
207 991 486 1081 Hisnounuus,
499 989 581 1065 Lib.
597 991 641 1065 de
657 991 760 1066 Varis
774 992 1003 1085 Iliastribas‚
1016 1021 1095 1096 cap.
1105 994 1205 1069 lxvi.

448 1135 530 1208 pag.
547 1122 628 1184 150.
646 1108 704 1182 ed.
717 1109 912 1184 Flamen.
1322 1108 1325 1114 ’

158 1235 477 1352 CYPRIANUS
493 1274 592 1365 Afer,
608 1275 769 1374 primum
793 1275 947 1375 gloriose
966 1276 1207 1354 rhetoricama

155 1393 291 1481 docuit,
315 1391 446 1465 exinde
471 1392 644 1466 suadente
669 1393 879 1491 presbytero
902 1393 1065 1482 Caecilio,
1089 1421 1109 1468 a
1134 1421 1207 1493 quo

155 1523 192 1584 et
222 1507 533 1608 cognomentumb
559 1509 704 1583 sortitus
730 1522 797 1599 est,
822 1509 1051 1584 Christianus
1077 1511 1208 1602 factus,

156 1654 304 1702 omnem
328 1627 564 1700 substantiam
590 1652 693 1700 suam
714 1627 934 1728 pauperibus
951 1627 1112 1727 erogavit
1123 1642 1148 1716 ⁰,
1166 1655 1208 1702 ac

155 1756 239 1845 post
255 1769 328 1817 non
347 1743 504 1817 multum
522 1743 695 1843 temporis
719 1742 855 1818 electus
878 1744 916 1817 in
942 1745 1209 1846 presbyterum,

156 1863 267 1935 etiam
302 1860 522 1961 episeopusd
550 1860 858 1961 Carthaginiensis
894 1862 1113 1937 constitutus
1143 1876 1209 1939 est.

158 1977 281 2074 Hujus
298 1977 435 2077 ingenii
453 1979 675 2077 superfluum
694 1991 748 2051 est
772 1977 955 2052 indiceme
972 1991 1105 2071 texere,
1123 2006 1208 2054 cum

159 2097 233 2169 sole
256 2095 405 2169 clariora
429 2095 503 2168 sint
525 2094 601 2191 ejus
626 2121 747 2193 opera.
799 2095 928 2169 Passus
946 2111 1001 2168 est
1019 2097 1086 2169 sub
1103 2096 1211 2170 Vale-

160 2213 261 2286 riano
283 2223 321 2285 et
344 2211 498 2285 Galieno
522 2211 747 2310 principibus
759 2209 780 2301 f,
803 2210 1051 2311 persecutione
1073 2224 1211 2304 octava,

163 2328 292 2402 eodem
319 2328 378 2402 die
406 2355 479 2425 quo
507 2328 636 2402 Romae
664 2327 866 2420 Cornelius,
890 2327 954 2402 sed
981 2354 1056 2407 non
1081 2327 1210 2402 eodem

161 2459 292 2519 annot.

458 2581 542 2642 Joan.
553 2581 665 2639 Aibertr'
677 2580 802 2640 Fabricii
813 2581 907 2642 Nota.

202 2724 217 2758 ⁸
237 2715 308 2774 Non
325 2713 502 2774 rhetoricam
521 2713 596 2772 adeo
609 2712 641 2770 in
655 2712 762 2772 scholis
776 2713 920 2782 docuisse,
935 2731 1024 2790 quam
1037 2713 1070 2770 in
1082 2711 1147 2771 foro
1161 2731 1209 2771 ex-

162 2815 289 2873 ercuisse
303 2813 467 2892 Cyprianus
480 2812 607 2871 videtur.
653 2810 764 2870 Confer
777 2832 842 2890 quae
861 2813 924 2890 ipse
943 2812 981 2871 de
999 2831 1031 2871 se
1045 2811 1211 2890 Cyprianus

160 2913 236 2972 libro
250 2912 288 2971 ad
301 2913 460 2981 Donatum,
476 2931 538 2970 non
550 2911 638 2990 longe
653 2910 690 2969 ab
703 2911 800 2970 initio.

202 3007 219 3053 b
240 3009 497 3081 Quemadmodum
520 3010 618 3069 liberti
640 3010 712 3068 olim
734 3029 753 3068 a
775 3008 910 3069 Dominis
933 3010 1211 3069 manumittentibus

162 3109 297 3167 solebant
311 3120 541 3188 cognomentum
555 3107 727 3176 adsciscere,
739 3108 781 3167 sic
793 3107 958 3186 Cyprianus
969 3128 987 3167 a
998 3108 1116 3167 Caecilio
1129 3128 1210 3185 pres·

162 3209 266 3284 bytero
281 3207 516 3286 Carthaginiensi
529 3206 694 3266 vindicatus
711 3226 746 3266 ex
764 3206 940 3265 ethnicismo
958 3206 990 3263 in
1007 3207 1105 3265 lucem
1123 3225 1158 3264 ac
1175 3205 1211 3264 li·

162 3307 309 3364 bertatem
324 3305 531 3373 Chiistianam,
548 3304 682 3363 Cacilius
696 3304 897 3383 cognominari
910 3303 1066 3383 gaudebat.
1087 3304 1133 3362 De
1147 3303 1211 3362 (la-v

163 3406 231 3463 cilio
244 3405 295 3463 illo
308 3405 376 3463 vide
389 3404 467 3462 Acta
480 3403 614 3463 Sanctor.
631 3421 659 3478 3.
670 3403 753 3461 Junii
766 3414 838 3461 tom.
851 3402 876 3461 I.
891 3421 921 3478 p.
936 3416 1005 3477 270.
1026 3401 1075 3460 Ad
1089 3400 1210 3460 Christi-

163 3522 235 3561 anos
250 3503 407 3562 accessisse
423 3501 455 3561 S.
465 3502 630 3580 Cyprianus
643 3500 760 3559 videtur
772 3500 810 3560 A.
821 3499 856 3560 0.
870 3499 940 3576 246.
954 3511 989 3560 ut
1002 3499 1034 3559 in
1047 3500 1212 3560 Annalibus

164 3600 347 3677 Cyprianicis
362 3600 473 3678 colligit
485 3599 616 3658 Joannes
630 3598 814 3658 Pearsonius.

205 3707 219 3739 ⁰
238 3699 284 3756 De
297 3699 354 3756 hoc
367 3698 452 3774 plura
465 3697 586 3755 Pontius
599 3697 631 3754 in
645 3697 677 3756 S.
689 3696 830 3774 Cypriani
842 3696 914 3755 vita.

205 3791 222 3836 ‘¹
242 3795 408 3872 Utrumque
426 3814 488 3854 non
507 3795 558 3854 diu
575 3806 652 3873 post,
667 3794 779 3854 factum
797 3795 877 3854 idem
895 3794 1018 3853 Pontius
1036 3794 1150 3853 innuit:
1165 3793 1214 3852 Aa

159 3892 348 3967 probationem
364 3912 474 3969 operam
488 3894 574 3952 solam
588 3894 638 3952 boc
652 3894 775 3951 arbitror
790 3894 860 3952 satis
873 3913 939 3960 esse,
955 3894 1027 3970 qaod
1034 3892 1142 3968 jndicio
1155 3893 1213 3950 Dei

165 3997 192 4047 et
206 3988 297 4063 plebis
308 3989 414 4064 favore
434 3992 472 4049 ad
490 3991 604 4068 afficiam
623 3990 770 4048 sacadotii
791 3991 978 4068 (presbyteri)
999 3997 1026 4046 et
1046 3988 1213 4063 miscapatas

164 4088 281 4164 pradum
294 4087 382 4146 adbuc
395 4089 552 4166 neophytas,
566 4098 594 4147 et
608 4098 640 4150 at
652 4089 804 4164 putabatur
817 4088 937 4146 novellas
950 4088 1049 4146 electas
1061 4094 1112 4145 est.
1148 4085 1211 4144 (3ae-

166 4197 263 4244 terum
273 4185 447 4245 Pearsonius
456 4188 660 4266 presbyterum
668 4186 780 4246 factum
790 4186 909 4266 conjicit
919 4205 998 4245 anno
1009 4195 1134 4244 exeunte
1144 4199 1212 4259 247.

167 4283 338 4361 episcopum
352 4303 378 4343 a.
389 4284 458 4359 248.
