2678 4830
135 339 199 406 260
512 341 543 403 S.
565 339 801 404 CYPRIANI

134 509 241 584 mersi
260 523 356 600 sunt,
374 522 411 584 et
428 537 448 582 a
465 511 587 609 vigore
610 510 748 585 coelesti
771 523 913 584 terreno
936 508 1109 608 contagio
1132 535 1189 581 re-

134 639 329 717 cesserunt,
346 653 420 698 non
438 625 606 699 desinunt
622 625 753 726 perditi
777 624 924 724 perdere
940 637 978 699 et
993 624 1185 724 depravati

133 768 287 815 errorem
306 740 489 840 pravitatis
508 741 706 814 infundere.
762 802 765 809 .

185 857 249 931 lv.
278 859 362 931 Hos
380 873 417 931 et
439 871 555 957 poetae
575 857 757 931 daemonas
779 871 931 942 norunt;
959 870 994 930 et
1011 857 1183 931 Socrates

134 972 261 1046 instrui
280 1000 317 1045 se
335 987 371 1046 et
388 975 462 1071 regi
483 972 528 1046 ad
552 974 738 1047 arbitrium
757 972 930 1045 daemonis
949 971 1211 1070 praedicabam

132 1087 184 1161 Et
204 1089 316 1187 magis
334 1088 417 1162 inde
434 1105 489 1162 est
506 1090 549 1162 ad
569 1090 769 1188 perniciosa
785 1088 841 1161 vel
860 1087 995 1161 ludicra
1012 1099 1183 1185 potenta-

132 1216 213 1290 tus;
235 1232 388 1302 quorum
408 1220 529 1279 tamen
548 1207 750 1306 praecipuus
769 1205 950 1278 Hostanes
968 1219 1005 1276 et
1021 1204 1181 1277 formam

132 1320 206 1393 veri
229 1321 302 1392 Dei
326 1334 434 1419 negat
456 1321 615 1420 conspici
633 1348 749 1420 posse,
766 1335 802 1393 et
820 1320 965 1418 angelos
982 1346 1083 1393 veros
1102 1318 1179 1393 sedi

133 1435 210 1533 ejus
237 1436 326 1510 dicit
354 1436 526 1511 assistere.
578 1437 623 1510 In
649 1463 722 1533 quo
747 1449 785 1510 et
810 1436 912 1509 Plato
937 1437 1013 1535 pari
1040 1435 1181 1509 ratione

133 1554 324 1643 consentit,
340 1566 377 1626 et
400 1579 513 1626 unum
536 1554 660 1626 Deum
686 1579 841 1642 servans,
863 1566 1010 1626 caeteros
1031 1553 1179 1650 angelos
1195 1583 1230 1621 ιο
1333 1590 1335 1630 1

131 1669 189 1742 vel
212 1668 392 1742 daemonas
418 1669 516 1742 dicit.
569 1669 726 1743 Hermes
751 1695 895 1768 quoque
919 1668 1179 1766 Trismegistus

131 1809 247 1856 unum
263 1785 386 1856 Deum
406 1785 575 1882 loquitur,
592 1811 749 1883 eumque
771 1782 1178 1884 incomprehensibilem

132 1912 241 1995 atque
267 1899 555 1972 inaestimabilem
584 1903 784 1974 confitetur.
837 1900 890 1973 Hi
916 1927 1000 1998 ergo
1030 1900 1179 2000 spiritus

131 2015 198 2089 sub
216 2015 342 2087 statuis
359 2027 466 2113 atque
483 2015 701 2115 imaginibus
719 2016 933 2089 consecratis
949 2015 1179 2090 delitescunt.

131 2129 185 2206 Hi
217 2132 335 2204 afflatu
367 2159 431 2205 suo
462 2145 585 2205 vatum
615 2145 761 2231 pectora
789 2132 978 2232 inspirant,
1007 2145 1177 2206 extorum
1191 2158 1225 2218 15

130 2248 238 2320 fibras
261 2248 433 2333 animant,
451 2248 569 2321 avium
594 2248 733 2321 volatus
756 2249 969 2348 gubernant,
987 2260 1098 2321 sortes
1122 2275 1179 2320 re-

129 2377 232 2463 gunt,
249 2365 393 2437 oracula
409 2363 581 2454 efficiunt,
596 2364 685 2437 falsa
700 2364 791 2437 veris
813 2390 953 2463 semper
976 2363 1179 2454 involvunt,

129 2506 216 2552 nam
240 2493 276 2553 et
296 2480 473 2555 falluntur
495 2500 532 2553 et
553 2480 694 2570 fallunt,
711 2481 823 2553 vitam
849 2481 1006 2566 turbant,
1030 2505 1177 2553 somnos

129 2595 343 2694 inquietant.
381 2596 582 2696 Irrepentes
602 2596 711 2669 etiam
736 2596 882 2695 spiritus
908 2596 946 2668 in
966 2596 1177 2696 corporibus

128 2714 272 2786 occulte
297 2726 436 2786 mentes
461 2726 607 2800 terrent,
633 2714 797 2785 membra
822 2712 1056 2811 distorquent,
1078 2713 1176 2786 vale·
1189 2743 1227 2783 20
1258 2745 1260 2748 >

128 2826 293 2899 tudinem
318 2829 500 2926 frangunt,
526 2829 660 2901 morbis
687 2830 865 2902 lacessunt
889 2842 931 2902 ut
958 2829 1002 2902 ad
1033 2829 1177 2904 cultum

129 2942 184 3015 sui
203 2957 345 3042 cogant,
362 2957 402 3018 ut
425 2943 549 3017 nidore
573 2944 739 3018 altarium
757 2958 794 3018 et
814 2945 909 3045 rogis
926 2972 1100 3044 pecorum
1118 2973 1178 3020 sa-

128 3058 253 3157 ginati,
272 3060 428 3133 remissis
454 3086 535 3158 quae
559 3061 844 3135 constrinxerant
867 3088 1007 3136 curasse
1030 3062 1179 3136 videan-

128 3188 198 3250 tur.
251 3178 344 3251 Haec
366 3191 421 3252 est
444 3177 488 3250 de
514 3177 584 3251 illis
611 3178 752 3251 medela
777 3205 862 3252 cum
887 3172 1032 3252 illorum
1058 3193 1177 3254 cessat

127 3291 280 3390 injuria;
316 3322 383 3368 nec
411 3295 507 3368 aliud
536 3295 605 3367 illis
632 3295 791 3368 studium
819 3308 875 3368 est
904 3323 1013 3394 quam
1044 3297 1225 3379 aDeo25

128 3407 294 3482 homines
318 3437 464 3483 avocare
482 3426 519 3483 et
541 3409 585 3483 ad
610 3410 903 3510 superstitionem
926 3411 980 3483 sui
1003 3412 1049 3483 ab
1065 3411 1173 3485 intel-

128 3521 224 3598 lectu
242 3551 332 3597 verae
355 3526 536 3624 religionis
561 3539 729 3616 avertere,
746 3539 782 3598 et
805 3552 889 3599 cum
913 3527 987 3599 sint
1007 3527 1075 3625 ipsi
1094 3553 1175 3626 poe·

129 3638 239 3724 nales‚
257 3667 414 3737 quaerere
441 3641 508 3713 sibi
532 3641 576 3714 ad
599 3668 747 3741 poenam
766 3645 916 3716 comites
935 3670 1025 3741 quos
1043 3641 1087 3716 ad
1104 3643 1175 3716 cri-

129 3780 215 3828 men
241 3782 347 3828 suum
373 3756 522 3830 fecerint
552 3770 684 3831 terrore
710 3759 910 3859 participes.
963 3759 1018 3859 Hi
1049 3779 1173 3834 tamen

129 3871 281 3968 adjurati
301 3900 366 3973 per
387 3875 512 3946 Deum
529 3900 654 3948 verum
673 3903 694 3949 a
711 3876 826 3967 nobis,
843 3877 966 3951 statim
984 3876 1117 3951 cedunt
1137 3890 1225 3956 etro

122 3989 286 4065 -fatentur
311 4004 348 4064 et
373 3991 418 4063 de
443 3992 595 4065 obsessis
622 3994 829 4093 corporibus
857 3995 954 4067 exire
984 4005 1172 4092 coguntur.

129 4107 261 4182 Videas
279 4108 359 4180 illos
377 4119 498 4181 nostra
514 4134 602 4182 voce
620 4123 657 4182 et
674 4109 880 4208 operatione
899 4109 1094 4205 majestatis
1112 4135 1173 4182 oc-

128 4226 236 4298 cultae
263 4224 379 4322 flagris
406 4224 509 4317 caedi,
532 4225 616 4324 igne
641 4224 776 4314 torreri,
802 4226 1025 4299 incremento
1051 4250 1171 4324 poenae
