2678 4830
392 318 681 384 HAERETICOS
704 318 953 384 LIBELLUS.
1134 319 1197 387 167

151 495 325 594 apostolo,
350 491 413 565 sed
440 488 650 578 Marcionis,
676 489 712 562 id
739 503 804 580 est,
830 518 903 563 non
929 503 1028 564 toto:
1063 490 1198 565 anima·

152 635 230 683 rum
250 609 404 682 solarum
423 606 512 680 dicit
531 602 629 706 (for.
647 604 768 702 docet)
787 607 960 692 salutem;
982 608 1093 680 habet
1108 634 1199 707 prae-

152 740 249 799 terea
277 723 444 822 privatas,
474 722 536 795 sed
570 720 865 795 extraordinarias
899 723 1070 797 lectiones
1106 750 1199 813 sues,

152 867 241 940 quas
276 840 435 939 appellat
471 835 704 913 Phaneroseis
742 837 975 911 Philumenes
1010 839 1199 936 cujusdam

125 955 294 1054 spuellae,
310 981 421 1052 quam
439 952 541 1051 quasi
562 953 826 1053 prophetissam
850 956 1022 1054 sequitur.
1074 956 1201 1032 Habet
1320 1034 1329 1047 ,

153 1082 323 1171 praeterea
340 1096 422 1142 suos
441 1069 562 1157 libros,
573 1094 676 1168 quos,
693 1067 877 1169 inscripsit
895 1071 1200 1170 syllogismorum,

154 1185 351 1283 inquibus
381 1185 533 1283 probare
563 1185 652 1273 vult,
680 1186 777 1283 quod
810 1188 934 1260 omnia
961 1213 1201 1287 quaecumque

155 1301 304 1401 Moyses
327 1299 372 1372 de
395 1299 479 1373 Deo
503 1298 695 1399 scripserit,
717 1325 799 1373 vera
825 1327 898 1373 non
921 1301 1004 1391 sint,
1027 1300 1090 1375 sed
1113 1301 1201 1374 falsa

155 1416 236 1489 sint.

111 1565 146 1602 10
205 1531 277 1605 His
300 1529 477 1604 haereticis
503 1529 672 1603 omnibus
697 1531 835 1605 accedit
854 1532 1028 1606 Tatianus
1050 1532 1200 1631 quidam
1321 1577 1328 1590 ·

155 1648 243 1721 alter
261 1647 468 1732 haereticus3
486 1647 547 1719 hic
560 1645 699 1720 Justini
714 1646 887 1746 Martyris
904 1647 1102 1748 discipulus
1115 1648 1200 1735 fuit3
1317 1641 1324 1656 ’

157 1775 237 1863 post
256 1764 354 1836 bunc
370 1761 508 1835 diversa
526 1762 656 1835 sentire
673 1761 810 1861 coepit:
836 1775 934 1835 totus
955 1763 1053 1835 enim
1077 1789 1204 1837 secun-

156 1879 242 1953 dum
270 1878 506 1953 Valentinum
534 1877 639 1976 sapit,
665 1876 836 1973 adjiciens
862 1877 964 1966 illud,
989 1877 1109 1952 Adam
1135 1905 1204 1953 nec

157 1996 310 2069 salutem
337 1994 507 2092 consequi
533 2019 661 2092 posse:
699 1995 801 2092 quasi
828 2019 915 2081 non,
941 1993 971 2066 si
999 1992 1089 2066 rami
1117 1993 1204 2066 salvi

113 2113 257 2200 15fiant‚
273 2123 310 2183 et
332 2109 433 2183 radix
456 2108 552 2183 salva
576 2109 633 2182 sit.
683 2109 924 2184 Accesserunt
943 2108 1003 2181 alii
1029 2107 1205 2199 haeretici,

157 2227 218 2324 qui
245 2227 414 2300 dicuntur
439 2225 637 2299 secundum
666 2226 851 2325 Phrygas:
883 2222 947 2296 sed
974 2223 1105 2296 horum
1131 2249 1235 2296 non·

158 2370 229 2416 una
253 2342 416 2415 doctrina
439 2357 505 2415 est.
553 2344 648 2416 Sunt
664 2343 761 2416 enim
779 2341 843 2439 qui
860 2340 947 2414 kata
964 2340 1134 2413 Proclum
1150 2339 1205 2413 di·

159 2471 296 2547 cantur,
320 2471 404 2531 sunt
427 2459 489 2557 qui
513 2458 711 2533 secundum
729 2456 944 2530 AEschinem
970 2454 1206 2556 pronuntien-

159 2586 228 2648 tur.
282 2575 335 2649 Hi
365 2575 503 2649 habent
529 2576 634 2649 aliam
665 2598 898 2647 communem
929 2571 1207 2672 blasphemiam,

113 2691 267 2764 waliam
298 2690 561 2790 blasphemiam
588 2716 659 2764 non
688 2715 935 2778 communem,
961 2688 1022 2761 sed
1049 2686 1207 2786 peculia-

161 2833 236 2880 rem
267 2833 390 2880 suam:
424 2820 460 2879 et
489 2805 589 2907 (sor.
619 2805 794 2906 particula
825 2814 862 2879 et
891 2803 1020 2878 melius
1051 2805 1206 2900 abesset)
1304 2873 1306 2875 ,

161 2949 395 2995 communem
413 2920 561 3020 quidem
579 2922 692 3012 illam,
709 2948 781 3019 qua
804 2921 840 2993 in
865 2921 1035 3021 apostolis
1059 2922 1206 3020 quidem

161 3038 283 3111 dicant
300 3037 475 3137 Spiritum
494 3038 667 3112 Sanctum
687 3035 810 3126 fuisse,
823 3037 1048 3111 Paracletum
1067 3063 1140 3110 non
1153 3037 1210 3110 fu·

161 3154 251 3238 isse3
281 3167 414 3250 etqua
439 3152 561 3226 dicant
586 3151 810 3226 Paracletum
836 3153 940 3251 plura
965 3153 1003 3225 in
1029 3154 1209 3226 Montano

116 3269 305 3356 25dixissc,
330 3295 439 3367 quam
467 3269 652 3342 Christum
681 3267 718 3339 in
744 3268 970 3366 evangelium
996 3267 1207 3365 protulisse;

164 3413 229 3460 noc
253 3398 395 3460 tantum
418 3387 533 3484 plura,
551 3384 612 3458 sed
631 3383 740 3457 ctiam
760 3382 908 3456 meliora
925 3396 1035 3481 atque
1052 3383 1208 3481 majora:

164 3502 338 3600 privatam
370 3514 490 3576 autem
523 3498 786 3601 blasphemiam
823 3499 887 3589 illi,
916 3500 978 3597 qui
1010 3512 1094 3573 sunt
1124 3500 1210 3573 hatis

163 3619 391 3707 AEschinem,
411 3619 507 3691 hanc
530 3617 675 3706 habent,
695 3642 768 3714 qua
793 3614 967 3710 adjiciunt
992 3614 1100 3689 etiam
1128 3615 1209 3703 hoc,

164 3748 204 3807 ut
221 3734 342 3807 dicant
359 3735 547 3807 Christum
566 3731 684 3831 ipsum
703 3758 780 3805 esse
797 3730 933 3804 Filium
951 3745 987 3805 et
1004 3732 1158 3805 Patrem.

116 3877 154 3932 30
209 3849 278 3922 Est
296 3868 468 3948 praeterea
485 3850 541 3921 his
559 3847 727 3921 omnibus
740 3849 851 3922 etiarn
865 3848 1013 3921 Blastus
1026 3847 1211 3937 accedens,
1254 3867 1338 3917 cnr.

164 3965 226 4061 qui
257 3966 409 4038 latenter
432 3964 664 4040 ludaismum
691 3965 770 4038 vult
797 3963 1044 4048 introducere3
1075 3962 1211 4061 pascha
1273 3934 1320 3982 α’

165 4079 262 4151 enim
280 4080 368 4154 dicit
385 4109 459 4155 non
477 4082 579 4156 aliter
596 4080 871 4154 custodiendum
890 4106 978 4169 esse,
995 4077 1062 4150 nisi
1085 4103 1211 4150 secun-

166 4194 254 4267 dum
281 4197 398 4294 legem
426 4198 549 4296 Moysi
575 4220 656 4268 xlv.
684 4195 828 4269 mensis.
881 4194 972 4278 Quis
997 4206 1122 4267 autern
1149 4219 1212 4266 ne-

657 4339 721 4401 M4
