2678 4830
256 354 308 418 IN
325 353 566 418 TERTULL.
583 351 647 416 DE
665 350 958 416 PRAESCRIPT.
976 350 1105 415 HAER.
1151 350 1214 418 197

190 543 193 547 ’
211 527 248 588 Ρ.
266 545 338 610 143.
361 524 383 589 l.
398 543 448 609 13.
471 523 547 610 quia
560 538 593 588 et
606 523 680 587 alibi
696 521 825 586 verbum
842 521 904 584 Dei
919 520 1056 606 seminis]
1076 522 1151 585 For.
1167 522 1213 587 le·

166 610 305 697 gendum
320 612 397 697 quia
414 623 451 673 ut
469 611 547 673 alibi
562 609 649 673 verbi
668 609 729 673 Dei
745 630 860 686 semen,
872 607 984 694 juncto
998 607 1058 671 hoc
1072 608 1213 674 membro

166 696 313 761 orationis
327 719 399 759 cum
415 708 573 781 sequente.

209 784 247 846 P.
265 802 336 864 144.
352 782 374 848 l.
389 802 418 844 1.
440 781 590 865 habeant]
615 779 762 845 Latinius
780 779 861 866 conj.
882 779 1006 856 labent,
1024 792 1109 844 recte
1123 779 1211 866 judi-

165 868 214 932 cio
228 891 308 933 meo.
331 869 464 933 Juurus.

209 954 294 1018 Ibid.
310 953 332 1017 l.
352 975 400 1018 10.
424 952 480 1039 qui
501 952 541 1016 ab
563 951 713 1038 apostolis
735 949 942 1029 desciverunt,
965 963 996 1013 et
1018 948 1110 1015 aliter
1132 975 1214 1038 prae.

165 1039 361 1124 dicaverunt]
382 1042 435 1102 Ita
456 1038 544 1101 editt.
567 1052 640 1102 ante
666 1036 853 1124 Rigaltium,
877 1035 933 1121 qui
955 1035 1071 1119 posuit,
1095 1041 1151 1124 qul
1173 1041 1213 1103 ab

164 1128 313 1212 apostolia
327 1126 517 1199 didicerunt,
536 1125 630 1188 aliter
647 1124 748 1211 praed.
789 1124 871 1186 Cum
893 1123 989 1208 Lupo
1007 1135 1104 1209 atque
1124 1125 1213 1188 Tho-

165 1212 262 1275 masio
279 1226 415 1275 veterem
437 1209 600 1273 lectionem
621 1209 774 1274 revocavi.
820 1210 895 1271 MS.
917 1207 1043 1294 Anglic.
1064 1211 1212 1276 dmceaae-

164 1307 243 1361 runt
264 1311 342 1361 teste
361 1294 500 1359 Pamelio
519 1296 665 1359 babebat.
712 1295 841 1380 Scripsit
859 1307 969 1357 auctor
985 1295 1053 1379 jam
1074 1317 1212 1383 supra—

163 1384 299 1469 aliquem
318 1405 358 1446 an
378 1382 537 1469 apostolia,
558 1383 607 1445 vel
625 1381 802 1468 apostolicis
822 1382 918 1458 viria,
937 1382 993 1467 qui
1015 1390 1120 1444 tamen
1141 1405 1212 1446 cum

163 1470 314 1556 apostolis
350 1470 589 1532 naevaraoerit.

208 1554 294 1618 Ibid.
317 1493 349 1620 lp
359 1573 408 1620 12.
432 1554 699 1641 provocabuntur]
727 1551 780 1614 Ita
803 1549 855 1613 bic
878 1573 1006 1698 <pioque
1030 1552 1093 1615 fide
1118 1553 1212 1619 nixus

114 1703 117 1708 .
164 1638 337 1703 editionum
357 1639 513 1706 vetustiss.
534 1661 605 1702 cum
628 1639 723 1724 Lupo
742 1651 838 1723 atque
855 1637 887 1698 T
911 1637 1028 1700 omasio
1049 1637 1211 1704 lectionem

164 1726 297 1791 restitui.
336 1726 446 1790 Habet
469 1725 638 1812 Rigaltius,
660 1723 891 1811 probabantur.
932 1723 994 1786 Sed
1015 1724 1119 1788 statim
1141 1742 1213 1812 post

164 1812 270 1876 scribit
293 1811 521 1890 Tertullianus,
538 1815 592 1875 Ito
612 1831 718 1875 omnes
738 1809 871 1873 ltaereaea
891 1810 935 1872 ad
956 1818 1124 1898 utramque
1133 1813 1213 1897 sor.

164 1919 247 1961 mam
267 1921 288 1960 a
310 1900 428 1963 nostris
450 1899 585 1962 scabella
609 1908 797 1994 provocatae,
822 1894 852 1957 b.
869 1917 898 1958 e.
923 1894 964 1983 ad
988 1896 1212 1962 successionem

164 1983 375 2070 apostolicam,
396 2000 428 2047 et
449 1981 749 2070 consanguinitatem
764 1979 925 2045 doctrinae.
957 1983 1075 2045 Confer
1089 1997 1121 2047 et
1142 1984 1209 2050 init.

164 2069 274 2156 capitis
287 2088 340 2156 35.

208 2159 245 2219 P.
265 2177 338 2240 145.
362 2155 381 2219 l.
395 2178 427 2241 9.
449 2154 523 2218 novi
538 2171 569 2218 et
584 2176 647 2217 non
662 2153 756 2216 unius
774 2152 920 2234 nominis]
935 2153 1076 2217 AElonum
1114 2154 1213 2220 rimus

165 2245 270 2306 Proon
291 2266 345 2305 seu
368 2241 581 2329 praeexistens,
597 2255 628 2303 et
649 2239 782 2386 Bpthos,
797 2262 852 2302 seu
872 2237 1073 2324 profunditas
1087 2177 1211 2305 diceba-

166 2343 218 2392 tur
235 2329 423 2426 incognrtus,
440 2350 496 2415 per
510 2326 603 2412 plura
616 2348 676 2388 saec
688 2347 707 2387 a
720 2324 826 2387 fuisse.
857 2325 1066 2387 Auuorarro
1089 2326 1122 2390 in
1143 2328 1210 2391 Ro-

165 2437 257 2478 mana
271 2415 345 2478 edit.
363 2416 533 2477 Tractatus
545 2412 646 2474 Adva.
667 2413 780 2473 Omnes
795 2410 984 2487 Haerctlcoa,
998 2434 1067 2497 cap.
1078 2433 1111 2493 4.

209 2499 397 2563 Ibid.l.16.
419 2497 555 2583 aliquem
572 2499 805 2580 Hermogenem
822 2493 972 2582 ostendit]
990 2498 1084 2561 Hanc
1103 2497 1211 2562 lectio-

166 2608 237 2648 nem
263 2583 466 2648 revocandam
493 2581 610 2658 censui,
634 2581 726 2667 cujus
750 2580 818 2644 loco
841 2579 1000 2667 Rigaltius
1022 2583 1054 2646 in
1081 2584 1132 2648 ed.
1157 2607 1214 2650 sua

208 2670 328 2735 steriori
353 2670 458 2756 posuit
482 2669 608 2765 aliquid
628 2669 854 2754 Hermogenis.
903 2666 992 2753 Sapit
1016 2669 1097 2733 enim
1122 2686 1214 2736 vetus

165 2695 256 2820 libio
275 2755 381 2820 stilum
397 2753 598 2828 Tertulhani,
614 2752 670 2839 qui
688 2752 720 2816 in
739 2751 851 2816 celebri
869 2752 938 2817 looo
953 2752 1023 2817 libri
1038 2758 1090 2819 De
1106 2758 1214 2822 Carne

167 2844 290 2907 Christi
305 2865 372 2928 cap.
388 2861 436 2922 14.
452 2841 520 2904 haec
534 2838 654 2913 scribit3
671 2840 796 2903 Poterit
809 2840 873 2903 lroec
887 2840 994 2926 opinio
1008 2842 1128 2906 Ebiona’
1144 2866 1215 2908 σοπ-
1320 2856 1321 2859 ’

166 2931 284 3005 venire,
298 2930 354 3014 qul
375 2927 497 2990 nudum
518 2926 683 3002 hominem,
705 2935 734 2988 et
755 2935 879 2990 tantum
898 2947 938 2989 aa
957 2929 1075 2991 semine
1089 2931 1213 3009 David,

165 3036 229 3076 non
248 3017 322 3076 item
342 3022 372 3077 et
390 3015 454 3076 Dea‘
476 3012 598 3076 Ftttom
620 3013 782 3076 constituit
796 3013 918 3090 Jeaum,
934 3014 1033 3098 plana
1048 3016 1214 3102 prophetis

165 3099 271 3185 aliquo
368 3102 520 3176 ‘alaram
542 3107 580 3162 ot
600 3100 648 3161 lta
666 3099 702 3160 a'n
720 3098 775 3161 ttlo
793 3099 929 3186 angelus
939 3099 1055 3183 falsae
1076 3103 1214 3181 dicatur,

165 3207 252 3270 quem
367 3208 420 3248 um
435 3184 466 3248 in
483 3184 589 3270 aliquo
604 3183 765 3247 Zacharia.

210 3270 295 3334 Ibid.
318 3271 338 3334 l.
357 3291 408 3334 21.
426 3271 520 3357 jubet
542 3270 713 3419 castigare}l
734 3267 840 3355 Vulgo
857 3269 1007 3355 jubetur.
1050 3271 1112 3334 Sed
1139 3272 1212 3337 edit.

165 3357 314 3443 principis
328 3356 503 3437 lectionem,
518 3358 541 3420 J
544 3356 618 3419 unio
633 3378 691 3442 pro
714 3368 808 3432 atam,
824 3355 978 3421 revocavi.

208 3445 247 3508 P.
264 3445 335 3523 146.
352 3441 373 3506 l.
384 3464 417 3527 5.
439 3457 609 3507 creatorem
629 3440 793 3527 Angelum
811 3441 913 3505 nescio
929 3445 1038 3528 quem]
1053 3444 1215 3532 Angsbtm

165 3528 327 3593 lectionem
345 3542 485 3593 veterum
504 3543 577 3593 ante
598 3527 769 3613 Rigaltium
786 3526 957 3590 editionum
973 3551 1031 3615 pro
1045 3529 1099 3594 illa
1112 3552 1211 3620 auge.

165 3617 268 3678 lorum
290 3616 369 3679 bene
390 3614 547 3678 revocavit
567 3613 764 3679 Christianus
786 3614 911 3699 Lupus
958 3615 1020 3678 Sed
1040 3638 1115 3681 vero
1133 3640 1214 3703 prae-

165 3701 240 3764 tulit
257 3702 444 3789 ungularum
465 3699 628 3764 cardinalis
644 3698 847 3777 Thomasius,
867 3699 941 3786 quia
957 3700 1075 3788 alioqui
1094 3703 1212 3769 dicere-

166 3800 219 3849 tur
240 3786 459 3851 Tertullianus
480 3786 638 3864 erravisse,
654 3808 726 3849 cum
748 3787 890 3849 Irenaeus
907 3808 974 3873 cap.
989 3805 1040 3852 20.
1055 3787 1126 3853 libri
1147 3789 1212 3876 pri-

165 3872 209 3934 mi
224 3872 377 3949 retulerit,
395 3873 552 3937 Simonem
574 3895 702 3959 magum
725 3871 893 3935 affirmasse
914 3872 1041 3959 angelos
1062 3875 1213 3940 creavisse

165 3959 342 4032 mundum;
364 3958 444 4022 illud
463 3958 561 4046 igitur
582 3962 720 4044 primum
735 3980 798 4022 non
812 3957 955 4023 docuisse
969 3962 1003 4023 A
1026 3959 1126 4025 ellem.
1165 3963 1212 4026 At

166 4066 251 4120 vero,
266 4058 475 4131 praeterquam
492 4044 579 4130 quod
598 4043 690 4108 lectio
704 4045 892 4132 magalonam
906 3982 1038 4110 difficilis
1051 4060 1084 4111 et
1098 4048 1150 4110 vix
1165 4048 1212 4112 fe·

166 4128 266 4192 renda
286 4143 343 4208 est,
358 4131 494 4194 ostendit
515 4129 576 4194 boc
597 4129 666 4194 loco
685 4129 903 4195 Tertullianus
922 4131 1068 4218 Apellam
1085 4133 1214 4198 creatio-

166 4237 238 4278 nem
253 4215 364 4278 mundi
378 4215 557 4280 attribuisse
575 4215 713 4280 inferiori
731 4216 856 4280 cuidam
872 4218 954 4296 Deo,
970 4217 1032 4282 Dei
1046 4218 1213 4305 superioris

166 4300 289 4388 angelo,
305 4301 339 4366 b.
353 4324 379 4366 e.
396 4301 519 4381 nuntio,
538 4303 631 4390 ignea
649 4315 764 4367 natura
781 4303 926 4390 praedito,
944 4327 1007 4369 non
1026 4327 1101 4370 vero
1120 4329 1214 4393 ange-

658 4409 712 4474 03
