2678 4830
396 314 463 378 AD
487 313 843 379 PHILIPPENSES.
1102 316 1140 379 11

101 485 165 587 τὴς
182 483 322 588 ζαίντων
340 489 398 565 καὶ
416 493 559 589 νεκρῶν·
587 487 629 567 οὗ
646 483 688 566 τὸ
707 485 795 587 αἷμα
812 484 994 588 ε’κζιγιήσει
1012 489 1033 566 ὁ
1051 487 1144 574 θεὸς

101 613 173 695 ἀπὸ
200 621 273 694 τῶν
300 613 539 695 ἀπειθούντων
562 616 669 723 αὐτῷ.
700 614 721 694 ὁ
749 612 787 694 δὲ
814 617 950 719 ἐγεῖρας
974 612 1082 696 αὐτὸν
1105 618 1232 696 ε’κιεοι.
1245 643 1277 691 ιν.

101 749 248 847 νεκρῶν,
269 745 328 823 καὶ
344 743 437 844 ἡμᾶς
455 745 580 848 ἐγερεῖ,
597 743 658 824 ε’ἀν
673 750 830 844 ποιῶμεν
847 745 954 824 αὐτοῦ
971 741 1014 825 τῖι
1032 744 1141 846 θέλη·
1155 722 1191 768 ¹⁴⁸

100 904 167 972 μα,
203 875 262 951 καὶ
292 871 523 975 πορευοίμεθα
553 875 591 952 ἐν
621 880 699 958 ταῖς
735 875 895 958 ἐντολαῖς·
930 876 1052 972 αὐτοῦ,
1087 875 1146 954 καὶ

72 996 575 1121 Ξάρπωμνάἠχάησεν
606 997 818 1104 ἀπεχόμενοι
844 1000 967 1103 πάσης
992 1005 1142 1101 ἀδικίας,

100 1127 325 1236 πλεονεξίας,
346 1131 600 1235 φιλαργυρίας,
629 1136 864 1227 καταλαλιᾶς,
891 1133 1141 1237 ψωδομαριν-

100 1259 190 1362 ρίας·
221 1254 272 1356 μὴ
289 1252 517 1340 ἀποδιδόντες
541 1252 650 1335 κακὸν
673 1258 752 1335 ἀντὶ
775 1265 898 1355 κακοῦ,
918 1256 943 1358 ἢ
964 1261 1166 1364 λοιδορίανι
1179 1290 1285 1353 ναῖκι

101 1386 181 1464 ἀντὶ
203 1384 396 1487 λοιδορίας,
417 1380 441 1482 ἢ
466 1379 621 1486 γρόνθον
645 1386 724 1463 ἀντὶ
747 1381 916 1488 γράνθον,
940 1384 965 1486 ἢ
989 1387 1146 1492 κατάραν

102 1514 181 1593 ἀντὶ
199 1508 366 1615 κατάρας.
410 1510 760 1611 *Μνημονεύσαντες
782 1510 821 1592 δὲ
844 1510 895 1593 ὧν
912 1511 1008 1596 εἶπεν
1025 1517 1045 1594 ὁ
1065 1516 1142 1596 Ku'·

56 1676 176 1745 ιοριος
200 1639 392 1721 διδάσκων·
424 1636 491 1738 Μὴ
510 1641 657 1743 κρίνετε,
678 1639 803 1741 ἵναμὴ
822 1648 975 1746 κριθῆτε·
1005 1643 1142 1752 ἀφιεῖε,
1154 1682 1217 1731 sm
1226 1682 1285 1731 ναι

102 1774 161 1851 καὶ
188 1766 410 1878 ἀφεθήσεται
437 1770 530 1868 ὑμῖν·
562 1769 704 1866 ἐλεεῖτε,
734 1768 793 1850 ἵνα
818 1772 996 1872 ἐλεηθῆτε·
1025 1771 1091 1854 δέν
1118 1769 1285 1882 {Mami

102 1896 220 2006 μέτριρ
244 1902 432 2001 ορκτρῖριέ,
460 1894 799 2000 ἀντιμετρηθήσεται
825 1902 917 1999 ὑμῖν.
977 1904 1065 1999 Καὶ,
1093 1901 1148 1982 ὅτι

102 2025 268 2129 μακάριοι
289 2031 323 2104 οῖ
345 2027 483 2131 πτωχοὶ
501 2025 577 2135 (τῷ
593 2024 767 2126 πνεύματι
784 2047 896 2106 addunt
908 2048 977 2107 νεα
992 2047 1102 2124 interp.
1117 2060 1219 2108 etune
1231 2072 1282 2119 ἀς

103 2151 338 2262 Ενιηςειίωιι),
369 2155 427 2232 καὶ
459 2158 492 2232 οῖ
524 2150 729 2255 διωκόμενοι
760 2156 874 2235 ἕνεκεν
906 2151 1143 2254 δικαιοσύνης·
1158 2141 1195 2174 '⁰'

63 2304 93 2362 ι5
104 2278 158 2359 tm
176 2282 293 2361 αὐτῶν
309 2283 410 2361 ἐστιν
427 2282 450 2381 ἦ
468 2283 641 2376 βασίλεια
657 2291 722 2362 τοῦ
740 2289 848 2363 Θεοῦ.
866 2347 867 2351 ,

158 2408 208 2511 γ’.
229 2415 368 2508 Ταῦτα,
384 2412 551 2517 ἀδελφοὶ,
568 2412 631 2489 οὐκ
650 2412 788 2518 ἐμαυτῷ
806 2408 1000 2516 ἐπιτρίψας
1016 2408 1149 2516 γράφω

101 2673 234 2752 judicare
247 2674 331 2731 vivos
345 2684 375 2732 et
387 2684 520 2732 mortuos
532 2697 539 2740 ;
557 2692 608 2731 ou·
649 2692 703 2750 pro
712 2672 954 2740 contumelium
962 2673 1150 2733 maledictum

101 2759 148 2834 jus
176 2754 347 2834 sanguinem
373 2755 502 2829 requiret
528 2755 608 2812 Deus
649 2773 702 2830 pro
729 2754 897 2812 meledicto.
941 2756 1151 2813 &Mementote

105 2838 142 2895 ub
166 2836 208 2894 eis
228 2837 278 2913 qui
296 2854 357 2895 non
376 2836 562 2894 crediderunt
577 2837 609 2893 in
650 2836 728 2911 quod
755 2836 899 2893 Dominus
926 2837 1035 2894 docens
1058 2837 1150 2895 dixit:

106 2937 188 2976 eum:
205 2917 256 2994 qui
270 2929 300 2975 et
312 2916 496 2975 resuscitavit
510 2937 578 2976 eum
592 2937 611 2974 a
649 2912 768 2975 hNolite
778 2916 917 2991 judicare,
935 2937 968 2974 uo
976 2918 1137 2992 judicemini
1140 2944 1151 2987 ‚-

105 2999 246 3065 mortuis;
268 2999 319 3074 qui
338 3009 368 3055 et
386 3017 440 3055 nos
456 2999 609 3057 resuscito·
650 2999 787 3064 dimittite,
800 3007 826 3056 et
837 2999 988 3056 dimittetur
995 3000 1070 3057 vobis
1074 3026 1084 3068 ‚·
1098 3000 1153 3056 mi·

105 3093 187 3139 turus
202 3091 247 3139 est
260 3080 291 3138 in
305 3076 401 3146 dvita,
417 3080 442 3136 si
455 3079 610 3138 fecerimus
650 3079 798 3145 ueremini.
811 3091 841 3137 et
850 3080 993 3137 Dominus
1003 3080 1153 3138 miserebi-

106 3162 290 3221 voluntatem
311 3165 373 3239 ejus
393 3172 423 3219 et
443 3162 609 3219 ambulave-
650 3172 698 3218 tur
718 3161 824 3218 vestri:
851 3157 919 3236 iqua
941 3161 1010 3217 enim
1029 3181 1152 3218 mensura

105 3244 196 3300 rimus
210 3243 242 3300 in
255 3243 399 3300 mandatis
412 3242 511 3318 ipsius,
524 3254 554 3301 et
567 3242 609 3300 di·
649 3243 732 3299 mersi
743 3241 872 3316 fueritis,
890 3242 1045 3298 remetietur
1062 3243 1152 3299 eadem

106 3324 263 3383 texerimus
275 3343 339 3399 quae
354 3323 417 3400 ipse
430 3323 543 3390 dilexio
558 3324 609 3381 ab·
648 3324 733 3381 uobis.
775 3323 814 3380 Et
842 3323 920 3399 quod
951 3322 1062 3380 dictum
1089 3333 1150 3381 est:

107 3406 250 3464 stinentes
268 3423 322 3463 nos
341 3405 378 3462 ob
396 3405 476 3461 omni
495 3405 607 3482 injusti·
649 3405 731 3462 Beati
755 3423 891 3479 pauperes
915 3403 1025 3478 spiritu,
1053 3412 1081 3461 et
1107 3406 1154 3480 qui

107 3488 157 3554 tis,
176 3485 271 3561 ⁸[hoo
288 3485 345 3560 est]
365 3487 608 3560 oeoneupisceu·
642 3487 855 3561 persecutiones
869 3487 1015 3561 patiuntur
1035 3494 1152 3561 propter

107 3566 609 3634 tie,obavuritia‚odetractione‚s
639 3568 798 3644 justitiam
826 3569 948 3643 quoniam
970 3568 1089 3643 ipsorum
1112 3575 1152 3624 est

106 3648 179 3707 salso
201 3648 385 3714 testimonio;
407 3645 477 3706 fron
497 3649 607 3706 redden·
648 3669 758 3725 requum
771 3649 904 3707 colonum.

107 3731 262 3789 termulum
275 3730 429 3805 promulo,
447 3739 495 3787 out
511 3730 607 3804 injuri-
690 3730 745 3789 ΙΙΙ.
762 3731 834 3788 Haec
849 3742 958 3797 autem,
968 3728 1071 3788 fratres
1081 3729 1150 3797 mei,

107 3832 150 3870 um
154 3832 211 3888 pro
219 3812 330 3886 injuria,
340 3822 392 3869 eut
400 3812 609 3870 contumeliam
650 3832 711 3870 uon
729 3832 748 3870 a
766 3812 879 3889 meipso
895 3812 1042 3888 imperans
1056 3811 1151 3869 scribo

529 4012 570 4057 Εα
581 4010 668 4058 Smtut
678 4012 733 4058 edu.

141 4125 156 4154 Β
168 4115 224 4162 MS.
238 4114 409 4172 Μνημονιιίιιτις.
469 4115 556 4164 bDele
567 4116 593 4162 ἔν.
620 4113 802 4181 (Neritiquam.)
863 4125 875 4153 t·
888 4116 995 4175 μετρεῖτε·
1054 4114 1067 4151 d
1081 4113 1152 4161 Forte

108 4181 141 4227 ud
151 4182 232 4228 uitam
299 4190 312 4219 e
326 4179 354 4226 tt
364 4179 406 4227 Ιιοο
416 4187 451 4228 est
461 4181 560 4229 omnino
570 4180 718 4243 superfluum
730 4190 754 4229 et
765 4180 900 4229 delendum.
971 4178 982 4216 f
996 4193 1003 4225 ι
1018 4179 1070 4226 Pet.
1082 4179 1116 4226 iii.
1128 4194 1151 4243 9.

110 4256 126 4294 {t
139 4243 290 4305 Μικμιναίικι.
356 4245 372 4283 h
385 4245 445 4293 Luc.
457 4246 489 4293 vi.
502 4259 541 4310 37.
552 4246 591 4308 38.
610 4246 683 4294 Mau.
695 4246 736 4293 vii.
752 4260 772 4306 1,
784 4259 806 4293 2·
873 4245 881 4282 i
894 4244 967 4291 Matr.
979 4259 1002 4290 V.
1019 4258 1056 4291 Η.
1071 4258 1092 4292 2.
