2678 4830
171 325 237 387 324
502 322 882 387 ANNOTATIONES

215 497 253 559 P.
271 496 311 559 26
337 493 382 557 .l.
403 494 453 557 28.
480 495 579 557 Hunc
600 492 740 580 magistri
763 495 1137 583 eorum-tradiderunt]
1166 497 1235 562 Hic

171 580 298 668 quidem
312 513 408 643 iocus
427 577 567 642 nonnihil
582 578 671 642 aliter
685 591 917 667 representatur
934 581 968 645 in
987 582 1131 648 editione
1153 585 1232 648 Ma-

170 667 311 745 nutiana,
326 665 505 730 faventibus
518 665 678 729 codicibus
692 665 825 752 scriptis,
840 666 957 752 quibus
970 691 1032 755 ego
1046 692 1128 733 usus
1143 692 1231 748 sum,

171 753 337 839 verbisque
352 751 541 816 Tertulliani
561 751 593 814 in
611 774 680 837 cap.
694 771 745 817 21.
763 751 973 850 Apologetici,
988 778 1062 841 quae
1080 755 1233 821 imitatur

172 839 370 926 Cyprianus3
401 837 487 902 baud
517 860 591 901 vero
620 852 861 924 operaepretium
886 854 943 919 est,
971 854 1008 904 ut
1033 857 1231 907 moveantur

171 949 261 989 voces
275 925 326 989 hic
340 938 474 1011 receptae
487 923 634 1009 idemque
648 923 865 1009 significantes.

216 1011 300 1075 Ibid.
321 1010 344 1074 l.
359 1029 413 1095 32.
438 1009 559 1097 Syriam
579 1009 780 1095 procurabat]
806 1012 903 1089 Bene,
966 1013 1129 1091 ocurabot,
1145 1013 1229 1099 quia

173 1098 305 1162 Tacitus
320 1096 471 1160 Pontium
493 1094 631 1159 Pilatum
652 1105 893 1182 procuratorem
939 1096 995 1160 'xit
1017 1120 1070 1161 xv.
1086 1119 1139 1180 44.
1165 1099 1229 1164 mi-

171 1206 231 1247 nus
253 1197 358 1247 autem
384 1205 456 1246 vere
478 1183 622 1268 Syriam,
649 1204 722 1267 quoe
748 1182 807 1246 sub
833 1180 937 1268 legato
960 1183 1116 1247 consulari
1140 1199 1224 1265 erat,

170 1269 354 1333 nominavit.
400 1267 522 1332 Pilatus
535 1266 617 1331 enim
634 1267 810 1332 Palaestinae
829 1281 964 1346 tantum,
980 1268 1097 1333 necilli
1111 1271 1222 1346 omni;

170 1355 224 1420 sed
248 1354 397 1419 Archelai
418 1353 609 1419 ethnarchiae
633 1353 665 1416 in
691 1352 881 1453 provinciam
905 1355 1049 1434 redactae,
1071 1355 1138 1421 sive
1160 1357 1184 1422 J
1188 1381 1225 1421 u-

170 1441 249 1507 daeae
263 1455 295 1506 et
312 1440 459 1506 Samariae
473 1440 641 1527 praefectus
654 1440 726 1504 furt.
764 1440 923 1526 losephus
938 1440 992 1505 lib.
1006 1442 1055 1507 ΙΙ.
1070 1442 1112 1506 de
1127 1443 1224 1508 Bello

169 1552 237 1615 cap.
255 1548 303 1609 14.
320 1527 465 1591 ineunte:
490 1527 644 1608 Πεμφθεὶς
659 1528 691 1590 δὲ
707 1529 748 1593 εἰς
760 1524 909 1590 Ἰουδαίαν
925 1528 1079 1608 ἐπίτροπος
1093 1529 1152 1592 ὑπὸ
1168 1536 1224 1594 Τι-

169 1616 274 1696 βερίου
296 1613 442 1678 Πιλάτου.
479 1614 605 1676 Missua
626 1621 731 1675 nutem
753 1634 775 1675 a
797 1613 928 1676 Tiberio
946 1614 1074 1677 Pilatus
1096 1616 1134 1677 a'n
1153 1617 1223 1680 Ju·

168 1701 270 1763 dream
281 1706 485 1785 procurator.
522 1700 730 1775 Caesarius,
744 1697 893 1762 afferente
908 1698 1080 1777 Lindnero,
1095 1700 1154 1788 qui
1167 1724 1222 1766 er·

168 1807 237 1848 rare
253 1783 448 1870 Cyprianum
463 1806 534 1846 cum
551 1783 750 1847 Tertulliano
764 1783 894 1847 monuit.

213 1871 251 1932 P.
267 1874 338 1949 264.
356 1868 377 1931 l.
390 1884 419 1950 7.
444 1870 528 1931 Nam
551 1881 582 1931 et
603 1869 771 1933 crucifixus
792 1882 954 1956 praevento
974 1869 1127 1935 carnificis
1147 1871 1220 1936 offi-

168 1954 217 2020 cio
228 1956 296 2039 dnn]
313 1953 530 2018 Tertullianus
542 1953 575 2016 in
587 1953 747 2042 Apobgat.
763 1978 830 2041 cap.
845 1976 895 2021 21.
906 1958 954 2021 Et
969 1965 1072 2020 lamen
1080 1960 1222 2044 suffitus

167 2044 319 2144 spirltum
347 2063 415 2104 cum
447 2041 539 2105 verbo
567 2049 676 2127 sponte
705 2041 838 2120 dimisit,
860 2052 1027 2129 prevento
1054 2047 1221 2130 carniJ‘icia

168 2151 187 2192 o
237 2152 277 2192 ro.

175 2130 300 2278 ffilbid.
315 2211 336 2276 l.
352 2234 400 2277 10.
415 2213 517 2299 qualis
533 2227 564 2276 et
583 2212 700 2297 fuerat]
718 2211 768 2276 Sic
783 2213 876 2279 codd.
892 2213 976 2279 Novi
993 2213 1074 2279 Coll.
1092 2233 1121 2281 2.
1138 2229 1170 2279 et
1184 2236 1219 2301 3.

169 2300 282 2365 Edidit
297 2298 448 2363 Baluzius
468 2300 542 2363 talia
563 2299 667 2447 prolia
685 2298 855 2383 etsuerat,
876 2323 949 2364 cum
963 2300 1051 2386 prius
1064 2300 1221 2366 extitisset

170 2386 231 2465 vel,
249 2387 322 2450 talia
336 2387 510 2470 ntfiaerat,
527 2408 586 2462 ve,
603 2386 677 2449 tatia
691 2394 727 2448 ut
741 2387 953 2471 anteferret.
995 2387 1126 2451 Habent
1143 2389 1220 2453 talla

168 2474 326 2558 utfiaerut
340 2470 439 2534 codex
455 2471 537 2534 Novi
555 2470 637 2534 Coll.
653 2491 681 2534 1.
697 2482 729 2533 et
744 2472 819 2535 MS.
834 2494 933 2536 meus

212 2556 297 2622 Ibid.
315 2555 338 2619 l.
354 2576 403 2619 11.
426 2555 517 2620 simul
529 2556 661 2642 junctis]
677 2557 798 2620 Extare
813 2556 893 2621 hane
908 2557 1070 2622 lectionem
1085 2558 1117 2622 in
1133 2561 1220 2624 codi-

167 2643 256 2708 cibus
271 2645 321 2707 Re
344 2642 374 2706 ‘o
385 2657 417 2706 et
429 2641 598 2707 Veronensi
613 2641 736 2706 monuit
750 2642 909 2728 Rigaltius
924 2643 956 2707 in
971 2644 1074 2722 Notis,
1086 2646 1220 2711 Junctia

167 2739 224 2807 eat,
244 2729 288 2793 ait
306 2729 368 2804 ile,
390 2729 471 2792 illud
486 2730 597 2805 ΙΛιεω,
621 2727 882 2810 commonetans
906 2736 967 2796 τοῖς
993 2730 1116 2794 debera:
1133 2733 1216 2799 Luc.

166 2815 252 2878 xxiv.
268 2835 322 2899 33.
357 2813 512 2899 Idemque
534 2827 607 2877 ante
631 2836 681 2876 me
703 2813 818 2901 recepit
841 2813 881 2877 cl.
900 2814 1092 2879 Lindnerus.
1114 2818 1219 2882 Junc-

167 2909 219 2964 tus
237 2899 387 2963 exhibent
403 2899 555 2976 Manutii,
568 2899 659 2977 Feli,
674 2899 889 2986 Gronoviique
904 2899 1065 2979 editiones,
1083 2904 1218 2968 Pamelii

167 2985 258 3049 MSti
273 2998 305 3048 et
318 2984 437 3069 aliquot
452 2983 573 3047 codices
594 2984 768 3062 Baluziani‚
783 2986 882 3050 codex
900 2987 984 3050 Novi
1002 2987 1081 3051 Coll.
1101 3009 1128 3053 1.
1146 3012 1216 3054 me·

167 3094 279 3170 usque,
295 3092 396 3156 nuper
411 3071 645 3134 Tewateranus.
694 3070 757 3135 Sed
773 3074 898 3136 vinctus
912 3086 959 3136 est
972 3072 1116 3137 editionis
1130 3075 1220 3160 prin-

165 3157 244 3245 cipis
269 3156 432 3244 scriptura,
454 3155 632 3220 faventibus
656 3155 762 3220 codice
786 3158 871 3221 Novi
894 3158 976 3223 Coll.
995 3179 1022 3222 2.
1038 3181 1150 3223 novem
1175 3185 1219 3226 ue

165 3243 253 3309 libris
274 3243 407 3330 scriptis,
427 3266 507 3329 quos
528 3242 658 3307 adducit
680 3243 842 3321 Baluzius,
861 3244 911 3308 cui
930 3244 1056 3331 quidem
1079 3244 1123 3308 ita
1144 3184 1216 3333 pla

166 3330 244 3410 cuit,
269 3346 306 3395 ut
327 3330 427 3418 ipsam
455 3329 488 3393 in
514 3329 590 3394 edit.
618 3352 706 3394 suam
735 3329 944 3394 revocaverit:
978 3338 1162 3416 “tanquam
1189 3334 1217 3397 si

167 3424 189 3456 “
206 3417 351 3481 Christus
362 3415 522 3503 discipulis
533 3416 597 3480 suis
607 3414 801 3502 apparuisset
809 3437 881 3479 cum
891 3416 993 3480 fasciis
1002 3430 1033 3480 et
1044 3417 1169 3492 vestitu,
1180 3418 1216 3482 in

167 3509 189 3541 “
201 3502 317 3586 quibus
326 3525 438 3587 corpus
447 3503 515 3588 ejus
525 3501 662 3588 positum
671 3501 775 3564 fuerat
784 3499 815 3565 in
827 3501 992 3588 sepulchro
1002 3524 1074 3567 cum
1084 3502 1216 3570 sindone

167 3595 189 3626 “
204 3586 236 3650 in
263 3610 328 3684 quo
351 3587 470 3672 loseph
494 3586 535 3649 ab
557 3587 744 3650 Arimathea
765 3610 879 3676 corpus
900 3587 983 3651 illius
1007 3586 1215 3654 involverat.”

167 3674 248 3736 Haec
271 3671 343 3744 rlle;
371 3694 443 3758 quae
465 3684 569 3735 tamen
592 3695 612 3735 a
633 3695 719 3735 sacra
739 3672 869 3738 historia
890 3673 982 3737 nimis
1003 3674 1215 3740 dissentirent.

168 3757 230 3822 Sed
249 3757 282 3821 in
302 3756 437 3821 editione
451 3758 581 3834 Veneta,
596 3780 669 3843 quae
683 3757 800 3844 prodiit
813 3782 906 3839 anno,
922 3783 988 3846 quo
1001 3759 1145 3847 princeps
1159 3761 1215 3826 illa

168 3843 319 3932 Cypriani
339 3841 434 3908 editio
453 3844 609 3921 Romana,
625 3865 761 3930 quaeque
774 3845 828 3908 vix
847 3846 932 3923 alibi,
949 3846 1034 3944 quod
1051 3846 1155 3925 sciam,
1171 3847 1213 3911 ab

166 3954 202 3994 ea
224 3930 365 4008 discedit,
388 3927 525 4016 positum
547 3943 593 3992 est
616 3932 728 3994 emtus.
775 3932 856 3995 Haec
876 3955 938 3995 vox
957 3931 1064 3995 itidem
1088 3931 1120 3994 in
1142 3932 1212 3996 edi-

166 4016 249 4080 tione
259 4016 395 4103 quadam
409 4028 531 4078 vetusta
546 4014 610 4078 sine
623 4014 693 4079 loeo
707 4030 739 4079 et
753 4039 835 4079 anno
848 4031 1018 4103 comparet,
1030 4018 1061 4081 in
1077 4017 1213 4082 editione

189 4126 294 4188 noque
309 4099 494 4166 Erasmiana
505 4114 536 4163 et
550 4101 581 4163 in
598 4101 667 4164 cod.
683 4104 715 4165 N
717 4125 766 4165 ov.
780 4101 861 4166 Coll.
874 4121 905 4186 3.
917 4102 982 4166 sine
994 4127 1085 4167 sensu
1097 4118 1211 4167 tamen.

166 4126 269 4264 auam
280 4187 378 4251 facilis
393 4185 509 4249 interea
521 4185 668 4251 transitus
679 4203 758 4251 esset
772 4186 855 4251 vocis
857 4189 1006 4273 junctus,
1019 4189 1076 4272 vel⁸
1075 4192 1212 4275 junctis,

165 4272 197 4335 in
212 4273 340 4337 alteram
356 4274 481 4337 uinctus
494 4271 568 4336 inde
587 4285 684 4360 patet,
700 4273 787 4359 quod
806 4272 839 4334 in
858 4274 964 4340 codice
980 4275 1064 4339 Novi
1079 4275 1160 4339 Coll.
1182 4297 1210 4341 1.
