2678 4830
304 362 545 428 EPISTOLA
568 362 636 427 ΑΙ)
661 361 695 426 S.
711 361 1017 428 CYPRIANUM.
1051 350 1054 356 ’
1122 361 1188 431 239

138 537 222 609 nius
245 561 356 634 quam
382 561 466 608 curn
491 546 547 606 tot
566 533 745 634 episcopis
769 534 835 634 per
859 546 978 608 totum
1007 532 1187 608 mundum

137 651 346 725 dissensisse
360 681 370 736 ;
395 676 524 751 pacem
542 676 627 723 cum
641 650 792 749 singulis
808 651 907 725 vario
923 649 1110 724 discordiae
1128 676 1189 749 ge-

137 794 223 840 nere
255 778 498 865 rumpentem,
531 764 642 839 modo
676 792 759 840 cum
789 767 1035 857 orientalibus,
1072 765 1187 864 (quod

138 911 207 956 nec
230 909 293 955 vos
314 883 426 955 latere
446 881 692 981 confidimus)
713 883 824 957 modo
840 883 1042 972 vobiscum,
1061 883 1124 981 qui
1150 882 1188 955 in

111 999 290 1088 5meridie
306 998 415 1072 estis?
446 999 481 1072 A
497 998 630 1095 quibus
648 999 785 1098 legatos
803 1000 990 1099 episcopos
1011 999 1189 1099 patienter

140 1117 225 1191 satis
248 1129 286 1191 et
310 1115 440 1188 leniter
465 1114 637 1214 suscepit,
665 1127 706 1189 ut
731 1142 791 1189 eos
817 1142 886 1188 nec
911 1115 956 1188 ad
985 1141 1188 1188 sermonem

140 1232 269 1306 saltem
300 1230 471 1328 colloquii
500 1231 705 1304 communis
731 1231 957 1306 admitteret:
992 1230 1111 1304 adhuc
1137 1230 1191 1303 in-

141 1377 250 1450 super
266 1347 469 1422 dilectionis
487 1360 523 1420 et
546 1348 703 1422 caritatis
726 1374 876 1438 memor,
892 1347 1102 1448 praeciperet
1121 1348 1191 1423 fra·

141 1464 300 1540 ternitati
319 1464 504 1550 universae,
517 1491 563 1536 ne
578 1465 659 1563 quis
676 1491 737 1537 eos
755 1464 791 1537 in
810 1465 959 1538 domum
980 1491 1083 1537 suam
1100 1463 1192 1538 reci-

98 1594 267 1684 sopcret3
294 1593 337 1653 ut
351 1581 580 1654 venientibus
598 1607 671 1653 non
690 1582 806 1654 solum
826 1607 898 1681 pax
915 1594 952 1654 et
968 1581 1191 1670 communio,

143 1697 205 1770 sed
223 1710 260 1770 et
275 1708 412 1770 tectum
432 1709 469 1769 et
486 1696 684 1795 hospitium
704 1710 903 1796 negaretur.
946 1697 1032 1771 Hoc
1049 1709 1104 1770 est
1120 1723 1191 1769 ser-

143 1839 244 1887 vasse
272 1812 448 1886 unitatem
471 1812 626 1913 Spiritus
652 1813 688 1886 in
716 1813 972 1910 conjunctione
998 1812 1108 1913 pacis,
1129 1814 1192 1886 ab·

144 1928 306 2004 scindere
333 1956 371 2002 se
397 1957 418 2002 a
443 1929 601 2004 caritatis
631 1930 781 2022 unitate,
809 1944 846 2004 et
874 1930 1033 2004 alienum
1061 1956 1099 2003 se
1127 1955 1192 2028 per

144 2046 269 2119 omnia
291 2045 463 2121 *fratribus
488 2046 617 2136 facere,
642 2060 681 2119 et
706 2059 831 2120 contra
861 2060 1124 2121 sacramentum
1156 2057 1193 2119 et

100 2185 134 2248 15
145 2162 269 2253 fidem,
286 2162 510 2236 contumacis
527 2163 646 2235 furore
663 2161 848 2236 discordiae
865 2162 1047 2235 rebellare.
1082 2160 1194 2259 Apud

144 2281 256 2354 talem
282 2292 402 2378 potest
425 2305 505 2351 esse
529 2304 645 2351 unum
672 2304 801 2377 corpus
831 2291 868 2350 et
901 2305 995 2351 unus
1026 2276 1194 2376 Spiritus,

146 2394 242 2494 apud
260 2421 369 2492 quern
393 2394 543 2466 fortasse
565 2393 643 2492 ipsa
663 2393 784 2466 anima
806 2419 878 2466 una
894 2419 969 2465 non
987 2405 1052 2482 est,
1070 2393 1121 2466 sic
1137 2392 1194 2466 lu-

147 2512 245 2585 brica
263 2522 301 2582 et
322 2509 467 2582 mobilis
489 2523 527 2582 et
548 2508 708 2583 incerta?
741 2508 813 2581 Sed
829 2522 1006 2606 quantum
1026 2510 1074 2583 ad
1089 2509 1191 2582 illum

147 2626 314 2727 pertinet,
331 2625 589 2723 relinquamus

101 2769 139 2808 20
205 2742 316 2816 XIX.
352 2741 591 2815 Excutiamus
625 2740 746 2841 potius
781 2739 816 2814 id
850 2739 896 2813 de
928 2766 1002 2839 quo
1035 2743 1242 2817 maximaO

148 2858 300 2957 quaestio
317 2871 383 2930 est.
435 2857 510 2940 Qui
528 2855 753 2929 contendunt
769 2858 814 2929 ab
834 2856 1011 2929 haereticis
1035 2825 1336 2956 baptiza-{mii

148 2989 204 3049 tos
231 2975 282 3048 sic
307 2973 418 3072 recipi
443 2984 618 3071 oportere,
642 2985 815 3071 tanquam
841 2972 996 3072 legitimi
1023 2958 1334 3082 baptismiffiublff

150 3092 303 3190 gratiam
330 3100 562 3174 consecutos;
596 3115 713 3162 unum
743 3089 846 3162 nobis
878 3102 985 3188 atque
1012 3090 1081 3163 illis
1109 3086 1334 3200 δαρ-ξζᾚὶ

150 3206 258 3279 tisma
275 3205 401 3280 dicunt
417 3232 505 3296 esse,
522 3218 560 3278 et
581 3205 619 3278 in
640 3203 741 3278 nullo
757 3205 968 3304 discrepare.
1018 3205 1091 3279 sed
1108 3169 1337 3331 quidm&

105 3323 201 3408 25ait
230 3323 412 3422 apostolus
442 3322 598 3395 Paulus?
633 3321 740 3395 Unus
770 3321 964 3411 Dominus,
993 3348 1067 3395 una
1094 3322 1335 3422 fides,nph.rv.5

151 3465 266 3512 uuum
284 3439 477 3538 baptisma,
493 3464 586 3511 unus
603 3436 719 3510 Deus.
772 3437 811 3511 si
834 3464 947 3511 unum
974 3451 1083 3536 atque
1100 3439 1196 3513 idem

151 3566 207 3627 est
232 3581 316 3627 cum
343 3566 467 3626 nostro
492 3552 673 3652 baptisma
698 3551 960 3643 haereticorum,
985 3553 1063 3627 sine
1086 3553 1199 3629 dubio

152 3683 189 3744 et
210 3670 300 3744 fides
326 3696 399 3743 una
421 3682 497 3742 est:
524 3670 552 3742 si
578 3681 698 3743 autem
721 3667 811 3742 fides
835 3696 908 3743 una
931 3682 996 3762 est,
1013 3671 1140 3769 utique
1163 3685 1200 3747 et

152 3785 337 3860 Dominus
363 3812 457 3860 unus
483 3798 560 3858 est:
595 3785 625 3858 si
649 3785 833 3860 Dominus
860 3812 954 3860 unus
981 3799 1047 3878 est,
1076 3815 1200 3864 conse·

106 3927 145 3984 30
153 3928 266 3999 quens
284 3915 339 3976 est
355 3903 484 3993 dicere,
502 3902 586 4001 quia
604 3901 705 4003 (for.
718 3903 871 3977 addend.
884 3903 1000 3994 Deus,
1016 3905 1089 3979 vid.
1106 3907 1194 4003 not.)

153 4043 249 4090 unus
272 4032 337 4090 est.
382 4018 422 4091 Si
446 4032 568 4092 autern
593 4017 674 4091 haeo
696 4019 814 4093 unitas
835 4046 917 4117 quae
943 4021 1096 4120 separari
1121 4048 1201 4095 om·

153 4132 241 4205 nino
257 4147 295 4207 et
311 4134 420 4208 dividi
438 4162 511 4208 non
528 4138 660 4235 potest,
677 4135 786 4209 etiarn
804 4137 901 4236 apud
918 4135 1104 4208 haereticos
1121 4137 1201 4236 ipra

154 4262 230 4335 est;
256 4249 344 4346 quid
369 4252 462 4324 ultra
483 4250 755 4325 contendimus?
780 4264 822 4326 ut
844 4251 932 4350 quid
953 4251 1032 4324 illos
1056 4250 1200 4329 haereti-
