2678 4830
120 300 186 363 302
501 296 536 361 S.
553 294 790 361 CYPRIANI

171 468 283 543 xlx.
318 468 542 569 Cogitemus,
568 469 692 543 fratres
721 466 964 559 dilectissimi,
993 466 1094 566 quid
1128 468 1196 541 sub

122 587 293 688 apostolis
319 587 444 661 feeerit
468 586 692 660 credentium
718 585 886 685 populus,
904 584 1067 683 quando
1097 585 1194 659 inter

122 704 199 799 ipsa
225 702 419 804 primordia
448 703 643 799 majoribus
668 702 860 776 virtutibus
882 727 994 774 mens
1022 700 1191 801 vigebat,

121 819 267 919 quando
296 819 517 894 credentium
550 818 639 893 fides
668 844 760 892 novo
790 816 908 891 adhuc
936 817 1028 891 fidei
1059 820 1188 893 calore

122 936 291 1010 fervebat.
342 936 540 1010 Domicilia
564 949 652 1009 tunc
677 948 713 1007 ct
740 932 871 1033 praedia
900 933 1209 1026 venundabant‚5

122 1068 158 1125 et
172 1051 452 1151 dispensandam
470 1051 687 1152 pauperibus
699 1051 939 1150 quantitatem
960 1050 1129 1125 libenter
1141 1078 1185 1126 ae

123 1169 268 1269 largiter
284 1170 456 1269 apostolis
474 1170 678 1257 offerebant,
692 1182 831 1239 terreno
849 1165 1073 1267 patrimonio
1092 1196 1184 1243 veu-

123 1286 200 1360 dito
227 1300 334 1386 atque
359 1286 530 1360 distracto
556 1285 687 1358 fundos
712 1284 801 1357 illuc
825 1283 1081 1358 transferentes
1115 1284 1181 1359 ubi

123 1403 259 1478 fructus
285 1417 454 1504 caperent
482 1401 712 1502 possessionis
742 1413 893 1490 mternoe,
919 1399 993 1473 illic
1024 1427 1181 1501 compa-

123 1535 241 1594 rantes
257 1520 384 1593 domos
403 1520 463 1594 ubi
483 1518 683 1618 inciperent
700 1543 842 1617 semper
860 1516 1034 1590 babitare.
1073 1517 1224 1591 Talis10

123 1648 211 1708 tunc
234 1636 302 1707 fuit
325 1637 361 1707 in
385 1634 653 1734 operationibus
677 1634 844 1706 cumulus
862 1633 977 1731 qualis
997 1632 1036 1705 in
1061 1633 1180 1708 dilec-

125 1751 223 1823 tione
248 1777 455 1839 consensus,
482 1751 575 1822 sicut
601 1750 754 1847 legimus
784 1750 821 1822 in
847 1749 950 1822 Actis
976 1750 1179 1848 Apostolo-

59 1917 61 1930 ·
124 1892 228 1939 rum:
254 1865 379 1938 Turba
405 1874 524 1937 nutem
553 1891 675 1938 eorem
701 1867 765 1965 qui
790 1864 1021 1940 crediderunt
1048 1867 1177 1942 anima

124 2009 168 2057 nc
184 1993 393 2056 montense
410 1980 586 2081 agebunt3
604 1980 762 2082 necfuit
775 1983 870 2054 inter
882 1980 965 2054 illos
977 1980 1177 2057 discrimen

123 2100 252 2188 ullum,
270 2125 336 2174 nec
353 2099 547 2199 quicquum
562 2096 898 2196 suumjudicubnnt
915 2123 958 2170 ea
976 2097 1078 2171 bonis
1095 2126 1177 2199 que
1190 2131 1222 2192 15

125 2218 176 2290 eis
194 2227 310 2305 erant,
325 2213 564 2316 sedfuerunt
584 2213 660 2287 illis
681 2214 802 2287 enruia
820 2214 1032 2287 communia.
1087 2215 1176 2290 Hoc

123 2346 178 2406 cst
190 2333 376 2406 nativitate
390 2331 537 2431 spiritali
549 2358 630 2404 vere
644 2330 715 2404 Dei
729 2331 823 2407 filios
837 2331 925 2419 fieri,
937 2331 1008 2403 hoe
1018 2345 1073 2404 est
1093 2332 1176 2432 lege

122 2449 261 2522 coelesti
280 2448 487 2547 aequitatem
506 2447 578 2520 Dei
597 2447 711 2520 Patris
729 2447 873 2520 imitari.
919 2447 1176 2549 Quodcunque

123 2567 220 2639 enim
246 2566 316 2639 Dei
342 2578 407 2651 est,
425 2565 463 2636 in
485 2578 605 2636 nostra
631 2564 864 2663 usurpatione
887 2591 1083 2637 commune
1107 2580 1176 2657 est,

124 2710 192 2755 nee
210 2683 401 2780 quisquam
427 2709 447 2754 a
472 2680 655 2753 benefieiis
680 2680 757 2777 ejus
782 2693 820 2753 et
843 2681 1051 2754 muneribus
1075 2709 1224 2757 arce-20

125 2812 194 2885 tur,
211 2824 284 2895 quo
308 2798 429 2870 minus
453 2824 562 2870 omne
586 2796 786 2869 humanum
811 2823 924 2896 genus
947 2798 1109 2875 bonitate
1133 2827 1177 2873 ac

125 2915 289 3012 largitate
306 2912 427 2985 divina
445 2913 631 3010 aequaliter
647 2912 858 3009 perfruatur.
910 2913 972 2987 Sic
988 2914 1178 3012 aequaliter

126 3030 201 3104 dies
225 3028 418 3118 illuminat,
442 3029 494 3100 sol
520 3027 645 3117 radiat,
668 3028 785 3102 imber
806 3029 908 3128 rigat,
926 3043 1052 3103 ventus
1077 3031 1180 3130 aspi-

126 3160 204 3233 rat3
231 3159 267 3219 et
283 3144 545 3218 dormientibus
563 3170 710 3217 somnus
732 3172 824 3218 unus
845 3160 910 3234 est,
928 3140 969 3217 et¹
987 3145 1174 3220 stellarum

124 3263 294 3362 splendor
319 3290 361 3336 ac
386 3263 480 3336 lunae
505 3261 710 3335 eommunis
735 3277 799 3333 est.
852 3262 936 3344 Quo
957 3262 1176 3359 aequalitatis
1190 3297 1227 3358 25

124 3380 293 3478 exemplo
310 3380 372 3477 qui
396 3406 578 3477 possessor
601 3378 637 3450 in
662 3377 762 3450 terris
790 3376 949 3451 redditus
973 3405 1015 3451 ac
1035 3378 1176 3452 fruetus

126 3519 208 3565 suos
238 3520 321 3566 cum
352 3494 573 3567 fraternitate
608 3494 770 3591 partitur,
799 3492 889 3565 dum
924 3494 1175 3594 largitionibus

126 3608 291 3707 gratuitis
313 3609 517 3681 communis
540 3635 581 3681 ac
599 3609 721 3705 justus
740 3624 805 3699 est,
822 3609 892 3682 Dei
916 3611 1030 3684 Patris
1054 3609 1175 3684 imita-

124 3737 182 3796 tor
199 3734 262 3795 est.

174 3838 263 3911 XX.
290 3839 381 3921 Quae
404 3837 465 3909 illa
487 3839 565 3928 erit,
587 3838 712 3911 fratres
735 3841 920 3931 carissimi,
943 3842 1170 3942 operantium
1182 3879 1226 3937 30

125 3956 249 4056 gloria,
266 3982 375 4054 quarn
403 3954 546 4053 grandis
570 3968 607 4028 et
630 3981 773 4028 summa
796 3956 929 4047 laetitia,
947 3985 1030 4031 eum
1056 3985 1174 4060 popu.

125 4073 202 4146 lum
216 4101 321 4148 suum
336 4071 518 4145 Dominus
531 4071 682 4171 eoeperit
698 4098 898 4158 recensere3
915 4086 953 4146 et
966 4075 1101 4148 meritis
1119 4089 1174 4150 at-

126 4215 196 4286 que
220 4189 388 4289 operibus
411 4187 540 4260 nostris
564 4187 712 4287 praemia
736 4188 910 4285 promissa
928 4190 1173 4282 contribuens,
