2768 4844
167 318 233 387 294
550 320 582 383 S.
599 320 834 384 CYPRIANI

168 501 259 563 teret
285 488 471 563 Dominus
497 503 534 563 et
564 490 709 579 videret,
736 519 808 564 non
836 490 880 564 de
906 490 1135 590 patrimonio
1164 491 1232 565 sed

169 605 215 679 de
238 606 360 680 auimo
382 633 473 706 opus
497 607 574 703 ejus
596 608 820 696 examinans,
838 621 875 681 et
896 607 1131 682 considerans
1151 635 1229 681 non

169 737 347 820 quantum
366 723 426 795 sed
446 750 489 796 ex
509 737 645 821 quanto
663 724 829 814 dedisset,
846 724 1031 823 respondit
1048 739 1088 798 et
1106 725 1229 799 dixit:

29 893 68 925 u,
116 871 121 883 ·
170 839 290 914 Amen
308 841 387 913 dico
406 840 514 928 cubic,
531 841 701 940 quonium
724 841 834 914 viduo
855 843 928 914 ista
944 841 1032 938 plus
1054 842 1230 916 omuibus

171 957 272 1031 misit
296 957 336 1029 in
361 957 454 1030 dona
480 956 568 1030 Dei.
615 955 749 1030 Omnes·
776 958 870 1030 enim
894 958 958 1030 uti
983 983 1028 1030 eu
1055 983 1099 1029 eo
1126 957 1231 1056 quod
1237 984 1253 1046 5

173 1074 371 1148 abundauit
388 1073 463 1147 illis
479 1074 660 1147 miseruut
677 1075 716 1147 in
733 1075 826 1148 dono
843 1075 930 1148 Dei.
975 1074 1069 1147 Haec
1096 1084 1227 1147 autem

173 1193 216 1266 de
241 1192 366 1289 inopia
389 1216 458 1264 sua
487 1217 625 1265 omnem
653 1217 900 1292 quemcunque
926 1191 1052 1265 lubuit
1082 1191 1226 1264 victum

171 1309 282 1382 misit.
323 1309 487 1381 Multum
504 1309 609 1382 beata
628 1309 755 1381 mulier
772 1321 809 1381 et
826 1308 990 1408 gloriosa,
1008 1334 1091 1406 quae
1109 1307 1225 1380 etiarn

171 1438 254 1498 ante
277 1424 375 1497 diem
394 1424 521 1522 judicii
541 1425 674 1497 meruit
689 1425 714 1497 J
719 1424 831 1498 udicis
849 1451 936 1498 voce
954 1422 1103 1497 laudari.
1152 1423 1226 1496 Pu·

170 1541 253 1615 deat
271 1541 399 1615 divites
418 1541 612 1615 sterilitatis
629 1555 735 1640 atque
750 1541 968 1614 infelicitatis
986 1566 1073 1613 suae.
1098 1539 1224 1614 Vidua
1236 1571 1269 1610 10

169 1670 206 1732 et
230 1658 334 1757 inops
353 1659 388 1730 in
407 1684 514 1756 opere
533 1659 722 1732 invenitur.
767 1658 937 1757 Cumque
954 1658 1122 1731 universa
1140 1684 1225 1756 quae

169 1774 301 1847 dantur
323 1775 469 1873 pupillis
493 1788 530 1847 et
554 1773 670 1848 viduis
694 1775 933 1862 conferantur,
950 1773 1012 1847 dat
1029 1775 1092 1848 illa
1109 1801 1224 1873 quam

169 1891 359 1989 oportebat
382 1889 565 1988 accipere3
593 1905 632 1963 ut
656 1890 811 1964 sciamus
829 1918 909 1989 quae
927 1916 1037 1989 poena
1060 1890 1224 1963 sterilem

169 2004 317 2080 divitem
344 2020 498 2094 maneat,
522 2006 667 2105 quando
693 2008 763 2081 hoc
784 2009 864 2106 ipso
888 2006 1111 2079 documento
1135 2032 1225 2107 ope-

170 2124 236 2196 rari
255 2124 363 2196 etiarn
384 2150 559 2223 pauperes
576 2124 740 2198 debeant.
776 2125 898 2223 Atque
916 2137 958 2197 ut
975 2122 1224 2223 intelligamus
1237 2151 1267 2213 15

171 2241 249 2315 haec
278 2267 386 2340 opera
412 2240 496 2313 Deo
523 2239 596 2313 dari
628 2254 665 2313 et
694 2268 777 2314 eum
806 2241 969 2339 quisquis
999 2241 1082 2314 haee
1112 2241 1225 2315 faeiat

171 2357 378 2430 Dominum
405 2358 612 2456 promereri,
631 2358 798 2431 Christus
825 2358 913 2431 illud
941 2357 1012 2431 Dei
1040 2358 1139 2430 donn
1163 2385 1226 2458 ap-

172 2475 293 2575 pellat,
311 2487 348 2547 et
371 2474 407 2546 in
432 2474 527 2547 dona
550 2474 621 2547 Dei
646 2474 790 2547 viduam
810 2474 900 2547 duos
919 2474 1138 2572 quadrantes
1159 2476 1228 2548 mi·

172 2591 258 2663 sisse
277 2590 469 2689 significat,
486 2603 528 2664 ut
546 2591 659 2691 magis
678 2618 719 2665 ac
736 2591 850 2691 magis
868 2591 982 2690 possit
1004 2617 1083 2663 esse
1108 2592 1228 2666 mani-

171 2711 303 2780 festum
325 2708 409 2805 quia
428 2707 489 2806 qui
509 2708 697 2781 miseretur
714 2707 880 2807 pauperis
898 2706 1024 2780 Deum
1041 2706 1212 2783 foenerat.
1237 2743 1272 2781 20
1363 2692 1367 2775 l

220 2823 313 2896 XII.
341 2823 412 2896 Sed
440 2851 507 2896 nee
533 2824 594 2897 illa
619 2851 685 2914 res,
708 2825 832 2898 fratres
860 2824 1044 2912 carissimi,
1071 2851 1094 2896 a
1119 2825 1228 2899 bonis

173 2941 341 3039 operibus
360 2954 396 3012 et
413 2940 521 3037 justis
546 2940 724 3027 refraenet,
742 2956 778 3014 et
801 2954 943 3014 revocet
960 2940 1228 3032 Christianum,

174 3055 271 3154 quod
299 3055 458 3128 excusari
487 3083 525 3128 se
550 3083 654 3155 posse
680 3057 807 3156 aliquis
835 3057 1018 3130 existimet
1043 3058 1228 3132 beneficio

174 3173 345 3261 liliorum,
363 3173 509 3271 quando
532 3174 569 3247 in
595 3173 765 3274 impensis
792 3173 1010 3273 spiritalibus
1034 3173 1227 3248 Christum
1360 3120 1372 3299 l

176 3291 344 3390 cogitare,
358 3291 419 3387 qui
436 3291 597 3390 accipere
611 3317 648 3362 se
661 3293 840 3390 professus
854 3305 919 3377 est,
933 3290 1142 3380 debeamus,
1158 3319 1229 3367 nee
1240 3327 1273 3388 25
1363 3340 1367 3387 5

176 3433 364 3482 conservos
383 3407 502 3479 liberis
521 3409 651 3482 nostris
670 3407 730 3481 sed
750 3408 953 3481 Dominum
979 3407 1229 3507 praeferamus,
1362 3470 1368 3533 Ι

43 3570 124 3602 Μ.
176 3525 255 3623 ipso
273 3524 471 3597 instruente
489 3538 526 3598 et
544 3539 724 3598 monente.
764 3527 840 3605 Qui
857 3526 993 3624 diligit,
1010 3525 1144 3623 inquit,
1159 3554 1231 3624 pa·
1362 3538 1368 3565 '

177 3651 269 3714 trem
287 3650 353 3713 cut
371 3651 525 3714 matrem
542 3668 654 3739 cuper
672 3669 738 3732 me,
755 3669 826 3716 uon
851 3653 905 3716 est
926 3668 983 3714 me
1005 3642 1138 3742 diguus
1149 3676 1163 3729 ,·
1194 3656 1231 3720 et
1262 3740 1267 3748 Ι
1363 3694 1368 3749 q

177 3758 240 3859 qui
264 3757 388 3857 diligit
395 3756 530 3858 filium
554 3768 620 3831 uut
629 3757 761 3856 filium
784 3785 894 3858 super
913 3786 979 3849 me,
1000 3785 1071 3832 nou
1095 3771 1152 3834 est
1172 3789 1232 3837 me

177 3875 321 3973 diguus.
361 3875 457 3948 Item
476 3874 511 3946 in
530 3874 817 3949 Deuteronomio
836 3876 879 3950 ad
898 3876 1229 3954 corroborationem
1242 3913 1280 3971 30

36 4023 87 4084 eug
177 3992 261 4065 fidei
279 4006 316 4065 et
333 3991 563 4065 dilectionem
586 3992 657 4066 Dei
683 3994 781 4092 paria
799 3993 999 4092 conscripta
1017 4007 1122 4067 sunt:
1151 3996 1234 4075 Qui
1329 4036 1340 4065 ο

80 4087 96 4119 ¹⁶
178 4109 314 4198 dicunt,
331 4107 460 4206 inquit,
479 4110 585 4204 patri
602 4120 667 4183 aut
683 4112 805 4198 matra,
822 4137 893 4184 nou
909 4111 992 4185 novi
1009 4121 1056 4199 te,
1075 4110 1235 4212 etfilt'os

176 4253 260 4299 suos
277 4251 348 4299 nou
371 4237 608 4324 agnoverunt,
626 4227 665 4300 bi
681 4228 928 4301 custodierunt
945 4239 1130 4326 praecepta
1151 4241 1234 4322 tuo,

1368 4582 1374 4797 l
