2678 4830
390 337 454 400 DE
478 335 601 399 ZELO
625 336 689 399 ET
714 336 905 400 LIVORE.
1108 342 1172 403 315

126 510 217 584 ratio
240 522 452 610 perseveret.
503 507 732 606 Spiritalibus
751 534 893 607 semper
911 508 1048 581 actibus
1066 536 1174 582 occu-

127 654 267 727 pemur,
290 638 331 697 ut
354 624 640 720 quotiescunque
666 624 835 696 inimicus
863 627 1062 714 accesserit,
1084 655 1174 728 quo-

127 745 194 816 ties
213 742 309 814 adire
326 741 527 831 tentaverit,
544 755 580 814 et
597 741 761 814 clausum
780 741 965 814 adversum
989 770 1026 815 se
1048 757 1174 843 pectus

127 859 284 930 inveniat
303 870 339 931 et
362 871 553 929 armatum.
604 856 692 930 Non
717 856 813 929 enim
837 856 1032 930 Christiani
1059 859 1176 933 homi-

100 976 184 1062 5nis
202 1001 334 1047 corona
360 1001 430 1046 una
451 987 505 1045 est
528 999 608 1069 quae
631 986 792 1071 tempore
810 975 1066 1073 persecutionis
1085 979 1177 1051 acci·

128 1090 236 1189 pitur.
290 1089 415 1161 Habet
432 1102 469 1161 et
491 1114 561 1187 pax
585 1114 734 1161 coronas
757 1116 849 1177 suas,
869 1089 1000 1186 quibus
1018 1089 1064 1163 de
1080 1092 1177 1165 varia

129 1220 165 1279 et
189 1206 382 1305 multiplici
406 1205 657 1302 congressione
676 1205 826 1277 victores
844 1220 1022 1303 prostrato
1039 1222 1076 1281 et
1094 1210 1178 1281 sub-

130 1338 210 1397 acto
240 1321 438 1395 adversario
470 1339 694 1394 coronantur.
754 1321 961 1395 Libidinem
994 1326 1178 1424 subegisse

130 1438 362 1513 continentiae
388 1439 509 1537 palma
536 1451 600 1511 est.
652 1438 786 1511 Contra
811 1438 913 1526 iram,
935 1455 1059 1514 contra
1082 1443 1179 1539 inju-

86 1558 220 1630 10riam
243 1581 460 1654 repugnasse
484 1581 614 1627 corona
637 1554 820 1655 patientiae
843 1570 908 1629 est.
951 1556 1011 1629 De
1033 1561 1179 1634 avaritia

131 1672 337 1771 triumphus
363 1687 418 1743 est
445 1671 635 1770 pecuniam
662 1697 839 1771 spernere.
890 1672 988 1746 Laus
1014 1688 1068 1747 est
1094 1675 1179 1749 fidei

132 1788 262 1862 fiducia
285 1788 486 1861 futurorum
515 1786 639 1859 mundi
664 1786 810 1859 adversa
832 1788 993 1863 tolerare.
1044 1791 1095 1864 Et
1117 1794 1180 1889 qui

131 1907 306 2006 superbus
333 1904 370 1976 in
397 1905 575 2004 prosperis
600 1932 673 1977 non
697 1917 762 1992 est,
785 1905 934 2003 gloriam
962 1907 1007 1979 de
1035 1907 1181 1982 humili·

130 2035 204 2094 tate
222 2020 464 2117 consequitur.
513 2020 564 2093 Et
581 2021 642 2117 qui
662 2019 705 2093 ad
724 2047 924 2119 pauperum
943 2021 1178 2098 fovendorum

87 2135 412 2228 15miseric0rdiarn
447 2162 588 2234 pronus¹
615 2150 680 2222 est,
713 2135 985 2210 retributionem
1021 2139 1180 2214 thesauri

131 2253 289 2326 coelestis
308 2252 530 2350 adipiscitur.
583 2250 634 2322 Et
652 2251 713 2347 qui
738 2250 852 2323 zelare
877 2278 948 2324 non
973 2255 1083 2342 novit,
1102 2257 1181 2354 qui-

133 2396 203 2466 que
222 2367 402 2441 unanimis
420 2381 457 2440 et
476 2367 572 2439 mitis
589 2367 714 2439 fratres
732 2393 814 2439 suos
832 2366 962 2466 diligit,
978 2369 1179 2447 dilectionis

133 2500 170 2559 et
187 2485 286 2583 pacis
305 2484 453 2582 praemio
472 2485 676 2556 honoratur.
720 2482 767 2555 In
787 2484 856 2557 hoc
873 2485 1046 2560 virtutum
1066 2490 1181 2562 stadio

134 2599 294 2696 quotidie
311 2599 498 2685 currimus,
514 2598 558 2671 ad
577 2598 640 2671 has
651 2598 804 2696 justitiae
821 2601 960 2698 palmas
978 2616 1015 2675 et
1031 2630 1181 2678 coronas

89 2714 210 2789 20sine
241 2715 504 2788 intermissione
534 2715 706 2814 temporis
735 2717 986 2815 pervenimus3
1019 2719 1064 2792 ad
1091 2748 1181 2819 quas

135 2847 175 2905 ut
198 2832 384 2930 pervenire
407 2847 445 2905 tu
470 2832 577 2905 etiam
602 2834 729 2931 possm,
746 2833 808 2931 qui
832 2834 950 2907 fueras
975 2839 1053 2910 zelo
1076 2854 1112 2912 et
1139 2841 1182 2912 li-

135 2976 217 3022 vore
245 2976 441 3048 possessus,
469 2975 625 3021 omnem·
648 2950 746 3022 illam
779 2951 952 3025 malitiam
984 2981 1056 3051 qua
1084 2957 1182 3056 prius

134 3065 312 3138 tenebaris
338 3064 462 3160 abjice,
480 3062 523 3136 ad
542 3064 634 3137 viam
654 3065 737 3138 vitae
751 3080 893 3140 aeternoe
911 3069 1069 3168 vestigiis
1088 3073 1182 3145 salu-

135 3183 269 3254 taribus
293 3181 494 3253 reformare.
546 3180 673 3253 Evelle
690 3180 735 3254 de
754 3196 897 3280 pectore
921 3196 983 3257 tuo
1006 3187 1126 3285 spinas
1145 3203 1182 3262 et

89 3331 122 3393 25
135 3297 297 3385 tribulos,
315 3311 355 3369 ut
372 3310 410 3370 te
427 3295 667 3369 Dominicum
687 3323 809 3369 semen
828 3297 935 3371 fertili
959 3299 1062 3401 fruge
1084 3304 1183 3380 locu-

134 3415 258 3514 pletet,
284 3428 325 3487 ut
352 3413 472 3487 divina
498 3426 534 3485 et
559 3413 727 3511 spiritalis
754 3441 854 3513 seges
881 3415 917 3487 in
944 3418 1085 3517 copiam
1114 3423 1182 3494 foe-

134 3532 261 3605 cundae
286 3530 410 3602 messis
434 3531 619 3601 exuberet.
662 3529 812 3603 Venena
832 3530 925 3604 fellis
949 3560 1087 3629 evome,
1112 3537 1183 3612 dis-

135 3649 335 3721 cordiarum
356 3647 451 3721 virus
474 3644 636 3737 exclude,
653 3660 827 3745 purgetur
851 3674 951 3721 mens
976 3677 1084 3747 quam
1111 3684 1183 3730 ser·

135 3764 305 3861 pentinus
323 3764 413 3835 livor
430 3761 614 3853 infecerat,
632 3761 833 3835 amaritudo
851 3765 969 3838 omnis
987 3795 1067 3865 quae
1085 3771 1181 3846 intus

89 3879 312 3972 30insederat
338 3879 472 3952 Christi
501 3876 690 3951 dulcedine
715 3879 881 3953 leniatur.
932 3882 969 3954 Si
996 3882 1041 3957 de
1068 3915 1180 3961 sacra·

139 4008 262 4067 mento
292 3996 405 4068 crucis
437 4008 473 4067 ct
502 3994 625 4067 cibum
657 3996 770 4068 sumis
801 4010 838 4068 et
867 4011 1009 4095 potum,
1040 4000 1179 4098 lignum

137 4110 233 4208 quod
254 4109 348 4209 apud
369 4110 557 4184 Merrham
575 4111 728 4210 profecit
749 4112 784 4184 in
808 4113 966 4212 imagine
984 4115 1028 4188 ad
1047 4122 1181 4217 saporis

137 4224 379 4314 dulcedinem,
405 4226 470 4299 tibi
500 4226 535 4298 in
566 4227 713 4302 veritate
740 4227 904 4326 proficiat
929 4229 972 4304 ad
1000 4233 1182 4309 mulcendi
