2678 4830
120 318 163 382 58
479 315 512 379 S.
529 313 796 378 HIPPOLYTI

120 490 259 595 ἔχοντες
276 485 338 566 τὸν
357 484 430 566 υἱὸν
448 472 644 591 ἤρνηνται..
672 494 717 568 Εἰ
735 487 773 569 δὲ
791 492 848 568 καὶ
867 487 1051 569 Φίλιππον
1073 491 1155 569 έπε-

120 622 237 723 ρωτᾷυ
256 619 324 714 (for.
338 614 574 721 ἐπερῶταντα)
593 619 673 720 περὶ
699 614 858 721 Πατρὸς,
880 615 1069 709 βούλοιντο
1092 617 1156 695 λέ-

121 779 212 847 γειν,
234 744 364 851 Δεῖξον
385 743 469 844 ἡμῖν
490 742 552 824 τὸν
571 745 732 850 Πατέρα,
753 748 811 826 καὶ
828 747 929 850 ἀρκεῖ
941 743 1037 842 ἡμῖν.
1067 744 1159 848 πρὸς

122 871 163 953 ῦν
194 874 364 977 ἀπεκρίθη
396 874 416 951 ὀ
450 870 596 976 Κύριος,
627 871 757 974 λέγων·
813 877 1000 951 Τοσοῦτον
1029 870 1159 975 χρόνον

120 1003 197 1100 μεθ
221 1003 318 1100 ῦμιῦν
345 1005 428 1099 εἰμι,
453 1001 626 1097 Φίλιππε,
647 1003 705 1079 καὶ
731 1000 794 1080 οῦκ
821 996 976 1101 ἐγνωκοίς
1001 1033 1069 1098 με,
1110 1001 1185 1089 ‘05

121 1126 281 1233 ἑωρακὼς
305 1126 365 1227 ε’μέ
389 1127 519 1232 ἑώρακε
540 1124 603 1208 τὸν
627 1127 784 1232 Πατέρα.
833 1128 891 1207 Oti
908 1125 1087 1211 πιστεύεις
1105 1126 1160 1207 ὅτι

122 1256 192 1359 ἐγὼ
217 1260 254 1337 ἐν
279 1263 329 1364 τῷ
354 1259 485 1361 Πατρὶ,
511 1258 568 1335 καὶ
593 1258 613 1335 ὁ
639 1254 766 1360 Πατὴρ
788 1258 825 1335 έν
847 1257 926 1354 ε’μοί
945 1258 1071 1352 ἐστιν;
1103 1259 1160 1335 καὶ

122 1387 268 1465 θέλουσι
297 1384 429 1486 λέγειν,
461 1383 519 1463 διὰ
549 1382 674 1464 τοῦτου
706 1381 939 1490 κρατύνεσθαι
970 1382 1012 1462 τὸ
1042 1381 1161 1486 δόγμα

123 1515 254 1610 αὐτῶν,
275 1515 535 1615 ὁμολογοῦντος
553 1516 660 1593 αῦτοῦ
678 1513 802 1593 ἑαυτὸν
821 1513 977 1617 Πατέρα·
1011 1512 1157 1614 γνώτω-

123 1676 195 1721 σαν
213 1641 266 1721 ὅτι
284 1641 456 1744 μέγιστον
474 1643 607 1726 ἑαυτοῖς
624 1644 819 1741 ἐναντίωμα
836 1640 1080 1748 ἐπιφέρουσιν,
1102 1643 1158 1722 ὑπ’
1172 1675 1204 1715 10

124 1771 231 1849 αῦτοῦ
263 1779 326 1849 τοῦ
357 1772 464 1874 ῥητοῦ
495 1766 733 1874 ἐλεγχόμενοι.
786 1775 863 1849 Τοῦ
894 1766 965 1872 γὰρ
996 1773 1160 1873 Χριστοῦ

124 1894 247 1978 ἑαυτὸν
275 1901 313 1978 έν
343 1905 457 1978 πᾶσιν
489 1897 563 1978 υἱὸν
594 1895 752 1983 εἰπόντος
783 1901 841 1978 καὶ
873 1897 1068 2003 δείξαντος,
1099 1901 1162 1979 οὐκ

124 2026 347 2128 ἐπέγνωσαν,
368 2024 447 2105 οῦδὲ
464 2025 733 2119 καταλαβέσθαι
751 2022 774 2125 ἢ
793 2026 951 2104 ἀτενίσαι
968 2021 1034 2124 τὴν
1051 2023 1159 2106 δῦνα-

123 2189 185 2255 μιν
203 2153 434 2256 ἐδυνήθησαν.
486 2156 558 2232 Καὶ
579 2162 683 2233 τοῦτο
701 2151 751 2253 μὴ
770 2152 939 2258 χωρήσας
963 2156 1161 2253 Φίλιππος,

125 2285 202 2363 καθ’
223 2281 242 2363 ῦ
264 2281 308 2383 ἧν
334 2288 432 2381 ίδεῖν,
454 2279 517 2362 τὸν
541 2282 686 2386 Πατέρα
703 2282 805 2388 ἠξίου
822 2281 982 2376 βλέπειν·
1012 2281 1105 2387 πρὸς
1123 2283 1164 2365 ὃν
1175 2327 1204 2384 15

124 2415 144 2492 ὁ
165 2412 296 2517 Κύριος
314 2413 396 2520 ἔφη·
437 2411 611 2509 Φίλιππε,
628 2419 802 2490 τοσοῦτον
823 2409 952 2515 χρόνον
969 2412 1046 2509 μεθ’
1067 2413 1165 2511 ῦμιῦν

125 2544 209 2639 είμι,
230 2543 287 2619 καὶ
312 2541 375 2619 οῦκ
400 2536 555 2640 ἐγνωκοίς
576 2571 641 2637 με;
681 2539 729 2618 ‘O
752 2536 914 2642 ἑωρακὼς
937 2536 1012 2638 έμέ,
1034 2537 1165 2643 ἑώρακε

126 2665 188 2747 τὸν
207 2668 363 2772 Πατέρα.
394 2668 604 2763 Τουτέστιν,
625 2673 654 2746 εί
671 2665 731 2766 ε’μέ
749 2666 921 2770 ἑώρακας,
937 2668 979 2745 δι’
999 2669 1085 2766 ἐμοῦ
1104 2664 1165 2746 τὸν

129 2929 179 3004 qui
200 2946 269 2984 vero
294 2945 354 2984 non
376 2926 496 2991 hebent,
519 2926 624 2983 Filium
664 2928 742 3003 ipsos
766 2928 915 2994 inducere,
941 2927 1093 3004 Scriptura
1116 2945 1165 2986 eos

128 3019 318 3086 negaverunt.
354 3005 387 3064 Si
414 3017 512 3063 autem
533 3007 625 3064 velint
665 3009 857 3087 redarguente
895 3021 926 3067 et
962 3010 1165 3066 convincente.

128 3090 234 3155 dicere,
247 3088 325 3164 quod
338 3088 484 3163 Philippus
495 3086 531 3145 de
541 3089 625 3145 Patre
666 3089 742 3146 Cum
765 3091 843 3148 enim
866 3090 998 3147 Christus
1019 3090 1051 3146 in
1073 3089 1165 3146 omni-

126 3171 326 3248 interrogans:
356 3169 505 3235 aOstende,
520 3169 624 3244 inquit,
665 3171 719 3228 bus
744 3191 775 3229 se
797 3173 902 3229 Filium
924 3172 1042 3229 dixisset
1066 3181 1097 3228 et
1119 3171 1166 3228 de·

126 3253 201 3311 nobis
222 3252 336 3310 Patrem
359 3261 386 3310 et
411 3251 508 3328 sufficit
531 3251 623 3308 nobis:
665 3264 864 3319 monstrasset,
876 3273 936 3310 non
947 3264 1164 3330 tamencoguo-

127 3336 175 3392 cui
196 3335 344 3410 respondit
368 3335 510 3391 Dominus
530 3333 624 3408 inqui·
664 3346 768 3391 verant
799 3353 875 3401 eum,
904 3353 1002 3409 neque
1027 3334 1166 3391 virtutem

128 3435 193 3473 ens:
205 3415 410 3491 Tantotempore
417 3415 548 3471 vobiscum
556 3434 624 3480 sum,
666 3419 727 3492 ejus
744 3415 915 3494 intelligere,
930 3426 980 3472 aut
994 3415 1103 3472 intueri
1115 3433 1166 3490 po-

127 3496 264 3570 Pdilippe,
282 3505 309 3552 et
328 3516 379 3554 non
395 3496 541 3571 cognovisti
559 3496 627 3551 nte?
665 3508 792 3555 tuerent,
815 3498 854 3554 Et
867 3498 922 3554 hoc
936 3497 1086 3572 Philippus
1100 3514 1166 3552 cum

131 3577 185 3640 Qui
205 3578 274 3633 vidit
294 3597 344 3643 me,
365 3577 435 3633 vidit
457 3585 484 3632 et
503 3577 625 3634 Patron.
668 3596 771 3653 capere
780 3598 839 3635 non
847 3590 955 3654 posset,
963 3576 1060 3654 quoad
1068 3577 1166 3634 videre

128 3657 193 3715 Non
211 3659 298 3715 credis
313 3659 374 3734 quio
387 3677 436 3733 epo
449 3658 477 3713 ἰν
489 3657 587 3723 Patre,
601 3667 629 3714 et
667 3659 783 3725 licebat,
796 3660 913 3717 volebat
926 3660 1025 3717 videre
1040 3658 1165 3715 Patrem.

129 3739 217 3796 Pater
230 3740 257 3795 in
270 3760 311 3796 me
324 3741 390 3797 est?
416 3739 454 3796 Et
467 3739 571 3795 volunt
584 3738 626 3796 di·
669 3739 725 3798 Cui
746 3740 888 3798 Dominus
910 3741 998 3799 dixit:
1028 3739 1165 3813 Philippe,

130 3839 196 3878 cere
225 3821 302 3896 quod
331 3821 376 3878 his
403 3819 499 3878 verbis
527 3838 627 3877 eorum
668 3829 742 3877 tanto
763 3830 881 3897 tempore
900 3823 1033 3879 nobiscnm
1052 3839 1120 3885 sum,
1142 3827 1168 3876 et

130 3903 236 3980 dogma
255 3903 450 3967 confirmatur,
471 3901 535 3976 ipso
559 3920 627 3958 con·
668 3921 719 3958 ιιοιι
733 3904 879 3978 cognovisti
892 3903 954 3960 me?
973 3903 1019 3978 qui
1033 3902 1105 3958 vidit
1116 3919 1166 3966 me,

129 3984 231 4042 fitente
253 4002 283 4041 se
301 4002 363 4041 esse
382 3984 513 4048 Patrem;
535 3982 629 4039 sciant
667 3984 737 4040 vidit
749 3984 873 4043 Patron.
907 3984 942 4042 ld
956 3995 1010 4049 est,
1025 3984 1050 4039 si
1063 4001 1112 4039 me
1125 3981 1167 4039 vi·

130 4066 286 4124 maximam
305 4064 527 4143 repugnantiam
547 4063 579 4119 in
598 4082 628 4121 se
668 4064 745 4131 disti,
757 4085 809 4142 per
818 4085 867 4124 me
877 4077 960 4142 potes
973 4066 1090 4124 Putrem
1100 4064 1175 4142 cog?

547 4255 566 4284 'a
582 4243 638 4292 Job.
651 4243 700 4290 xiv.
713 4244 735 4291 8.
