2678 4830
153 309 219 371 tta
488 308 868 373 ANNOTATIONES

154 481 229 544 dore
250 480 467 565 perstrinxit!
500 478 555 543 Ad
581 479 715 544 eundem
742 479 856 544 librum
882 480 1055 579 respexisse
1083 480 1221 545 videtur

153 564 343 652 quibusdam
369 564 501 628 Pontius
522 565 672 630 diamnus
694 566 727 629 in
747 567 820 630 Vita
842 582 938 630 sancti
960 567 1118 653 Cypriani
1140 567 1220 631 scri-

154 653 231 715 bens
247 649 405 738 perillum
420 651 564 737 gentiles,
580 652 765 739 repercussis
780 653 811 716 in
827 675 860 715 se
875 652 912 751 iis
925 676 997 739 qua
1015 652 1109 716 nobis
1124 653 1218 751 iuge

153 753 240 816 runt,
256 737 353 801 victos
367 737 471 802 fuisse.
511 739 629 802 Verum
643 762 715 802 cum
731 738 790 803 ista
806 740 911 803 Pontn
928 739 1022 803 verba
1037 761 1215 804 convemre

153 824 246 888 etiam
263 823 380 910 possint
395 823 475 889 libro
490 824 529 888 ad
550 824 799 902 Demetrianum,
815 823 928 911 inquo
942 839 1067 888 sanctus
1083 841 1215 912 martyr

152 909 303 975 adversus
357 909 447 975 utiles
463 909 575 997 ingerit
590 910 732 997 querelas
746 933 853 974 eorum
870 911 910 975 de
927 910 1125 987 Christiania
1143 934 1212 977 non

151 997 255 1061 audeo
275 1020 294 1059 a
329 1019 429 1061 rmare
450 997 547 1061 verba
569 996 674 1061 Pontii
699 996 901 1084 intelligenda
927 1010 1049 1062 tantum
1072 1021 1143 1061 esse
1166 999 1212 1062 de

153 1082 233 1147 libro
247 1082 287 1147 dc
302 1082 445 1147 Vanitate
461 1082 634 1147 Idolorum.
658 1084 769 1148 Potuit
783 1084 865 1147 enim
883 1085 1015 1148 Pontius
1030 1083 1210 1169 respexisse

151 1168 192 1233 ad
209 1184 380 1254 utrumque
394 1194 415 1232 o
439 1193 483 1233 us.
531 1172 630 1234 Porro
644 1168 795 1234 adversus
808 1170 929 1234 cultum
947 1169 1102 1233 idolorum
1126 1170 1209 1233 nibil

151 1270 198 1320 est
212 1255 385 1343 elegantius
400 1194 480 1320 dirue
496 1256 639 1341 tragoedo
655 1256 800 1320 Luciam.
827 1258 1012 1320 Bauuzrus.

196 1344 233 1406 P.
253 1360 325 1428 257.
352 1342 372 1404 l.
387 1363 420 1422 4.
454 1343 544 1417 Qrtod
567 1344 652 1406 idolo
677 1343 725 1406 dii
750 1365 814 1406 non
836 1346 923 1414 sint‚·
953 1352 983 1407 et
1004 1342 1086 1429 prod
1109 1343 1206 1406 Deus

151 1452 236 1493 renus
251 1431 314 1502 sit,·
338 1437 368 1492 et
383 1429 466 1516 quod
481 1451 542 1516 per
559 1430 722 1494 Christum
737 1429 825 1492 aulus
839 1429 1033 1493 [sedentibus
1048 1429 1126 1491 dato
1141 1431 1199 1514 sit]

152 1517 235 1579 Cum
259 1515 290 1578 in
317 1513 475 1578 nonnullis
499 1514 590 1578 codd.
618 1514 750 1601 scriptis,
775 1530 871 1600 atque
898 1513 1053 1578 veteribus
1078 1512 1204 1663 alippot

149 1617 223 1666 ante
242 1600 457 1679 Baluzianarn,
472 1625 525 1665 seu
546 1600 790 1675 Benedictinnm,
806 1599 994 1664 editionibus
1011 1599 1116 1663 omnia
1157 1624 1204 1665 aec

151 1710 209 1773 pro
233 1686 325 1751 titulo
347 1710 401 1750 scu
422 1686 528 1772 potius
549 1701 735 1773 argumento
758 1686 860 1772 operis
880 1700 962 1750 recte
984 1708 1122 1750 seorsum
1146 1709 1204 1774 po-

151 1773 210 1836 sita
232 1772 304 1851 sint,
326 1771 369 1834 ita
390 1771 598 1857 imprimenda
615 1796 651 1836 ea
671 1772 787 1836 curavi.
834 1775 992 1837 Caeterum
1011 1772 1051 1837 ad
1071 1771 1202 1836 tertium

151 1857 238 1944 quod
261 1857 372 1921 attinet
397 1855 492 1942 hujus
515 1857 597 1920 tituli
620 1858 799 1933 articulum,
819 1858 874 1956 qui
897 1858 999 1944 qualis
1023 1857 1076 1922 hic
1099 1872 1200 1938 extat,

150 1943 279 2008 editioni
301 1942 500 2007 Manutianae
522 1942 666 2021 debetur,
686 1943 886 2008 consimiliter
908 1945 1013 2009 scribit
1035 1958 1146 2007 auctor
1168 1945 1202 2008 in

150 2029 363 2117 sequentibus,
381 2030 471 2104 Quod
490 2038 607 2093 verost
623 2029 771 2094 Christus
787 2032 886 2106 estet
904 2031 1053 2117 quontodo
1067 2051 1131 2117 per
1152 2033 1203 2118 ip-

150 2140 221 2182 sum
236 2118 325 2181 scobis
340 2117 427 2181 salus
443 2117 575 2193 venerit,
590 2117 636 2180 sic
650 2125 696 2180 est
710 2116 797 2190 ordo,
812 2118 858 2179 sic
872 2119 969 2181 ratio.

194 2203 278 2266 Ibid.
293 2202 315 2268 l.
333 2223 380 2267 11.
405 2216 436 2265 et
453 2202 520 2265 dies
539 2202 634 2266 festos
655 2216 742 2266 tanto
763 2201 879 2265 honore
897 2201 1108 2287 celebrabant]
1129 2204 1201 2267 Lo·

149 2313 220 2353 cum
236 2290 322 2353 hunc
339 2289 381 2352 sic
396 2291 557 2353 restituere
572 2311 667 2352 ausus
681 2311 762 2365 snm,
778 2288 914 2373 reposito
926 2297 1013 2352 tanto
1023 2310 1082 2373 pro
1092 2289 1202 2354 dando

149 2400 187 2441 ex
203 2376 329 2440 duobus
347 2374 437 2440 codd.
453 2375 585 2462 scriptis,
603 2398 666 2439 uno
682 2374 831 2438 Vossiano
848 2374 929 2438 inter
947 2373 1093 2438 lectiones
1114 2376 1201 2438 vari-

148 2477 236 2527 antes
258 2463 290 2526 in
313 2461 449 2526 editione
469 2460 651 2538 Oxonicnsi,
670 2484 724 2524 seu
746 2459 877 2540 Fellina,
897 2475 1079 2548 apparente,
1100 2460 1203 2526 altero

149 2571 229 2627 meo,
252 2571 346 2634 quem
373 2570 412 2612 ex
433 2547 622 2612 bibliotheca
647 2549 853 2610 Tcwaterana
878 2570 981 2634 nuper
1007 2546 1202 2634 comparavi.

151 2636 215 2698 Pro
242 2658 317 2700 voce
345 2635 461 2697 boum
484 2633 676 2720 praestabant
700 2633 831 2697 lmaorcs
858 2631 905 2696 vel
932 2634 1078 2698 bonorem
1104 2633 1201 2698 editi·

148 2744 223 2784 ones
244 2735 317 2786 ante
338 2720 516 2797 Baluzium,
533 2720 669 2807 exceptis
690 2718 904 2787 vetustissimis
925 2719 987 2783 illis
1007 2733 1080 2784 ante
1099 2722 1201 2785 Eras-

148 2829 293 2873 mianam.

193 2893 277 2957 Ibid.
293 2893 314 2956 l.
336 2912 385 2973 14.
408 2914 446 2955 an
468 2891 507 2954 sit
526 2905 558 2954 et
578 2892 646 2956 haec
662 2891 748 2978 apud
766 2892 905 2979 singulos
921 2892 1047 2977 veritas]
1065 2894 1118 2956 Ita
1133 2892 1202 2956 edi-

148 2977 249 3055 derat,
272 2978 420 3064 quiante
443 2975 611 3041 Baluzium
637 2978 758 3041 ornavit
783 3001 871 3042 suam
897 2980 994 3066 hujus
1015 2978 1111 3042 libelli
1133 2978 1202 3041 edi-

149 3064 264 3128 tionem
280 3063 417 3130 Jacobus
433 3064 626 3142 Gronovius,
641 3063 743 3149 posito
753 3085 797 3126 aa
812 3068 856 3130 sit
866 3075 895 3130 et
909 3067 973 3130 brec
988 3088 1045 3150 pro
1055 3064 1198 3148 vulgatu,

148 3173 192 3214 an
206 3161 267 3216 atet
279 3152 352 3215 baec.
398 3150 604 3236 Firmantque
623 3150 704 3213 hanc
721 3151 969 3215 emendationem
990 3150 1162 3237 neglectam
1178 3176 1201 3216 a

150 3237 293 3318 Baluzio,
309 3238 333 3301 si
356 3237 449 3301 modo
465 3259 603 3322 unquam
617 3235 737 3300 venerit
751 3260 788 3301 ea
802 3237 843 3300 ad
858 3237 999 3301 notitiam
1014 3237 1092 3335 ejus,
1108 3235 1197 3300 codi-

148 3348 199 3388 ces
209 3325 274 3389 duo
287 3323 439 3411 Cypriani
454 3323 541 3411 apud
557 3325 685 3387 Novum
699 3322 874 3409 Collegium
890 3323 921 3386 in
934 3324 1059 3388 Oxomo
1071 3345 1196 3387 conser-

148 3411 223 3488 vati,
240 3410 378 3474 numeris
394 3429 412 3474 2
428 3425 459 3474 et
474 3430 493 3494 3
510 3433 529 3472 a
543 3432 593 3473 mc
607 3408 769 3496 designati.
815 3410 915 3473 Extat
929 3409 962 3471 in
977 3409 1086 3474 eodem
1101 3407 1195 3472 colle-

171 3496 200 3559 ὀ
215 3495 295 3559 alius
308 3510 459 3582 praeterea
475 3495 625 3583 Cypriani
646 3495 724 3559 libcr
738 3493 892 3581 scriptus3
918 3495 971 3558 scd
988 3519 1063 3559 vero
1078 3493 1198 3559 nullius

147 3519 260 3644 fforum
284 3580 427 3645 codicum
449 3580 596 3644 lectiones
615 3581 771 3646 variantes
789 3580 830 3645 ad
851 3581 938 3644 hunc
958 3581 1085 3667 quidem
1109 3580 1198 3645 libel-

147 3667 215 3730 lum
230 3667 261 3730 in
278 3665 448 3730 Oxonicnsi
465 3665 600 3729 editione
615 3682 805 3752 comparent.

193 3752 276 3818 Ibid.
292 3751 314 3815 l.
330 3772 377 3836 19.
402 3750 515 3837 Apollo
527 3751 663 3817 Admeto
677 3776 773 3837 pecus
809 3752 884 3838 avit]
904 3755 977 3816 Hoc
992 3776 1050 3839 pro
1064 3753 1196 3840 vulgato

148 3841 273 3904 Admeti
287 3851 435 3924 posuerat
450 3837 631 3900 Gronovius
648 3837 679 3901 in
695 3837 761 3924 jam
780 3776 863 3903 dicta
878 3839 952 3902 cdit.
970 3838 1066 3924 hujus
1086 3838 1195 3919 libelli,

147 3951 220 4013 quae
243 3925 387 3990 Minucio
410 3922 508 3987 Felici
529 3923 652 4009 adjecta
671 3947 753 3988 anno
774 3943 854 4009 1705
874 3924 995 3988 circiter
1013 3924 1124 4011 viginti
1141 3948 1197 3988 an-

147 4036 204 4077 nos
225 4027 297 4076 ante
318 4009 469 4098 Cypriani
489 4008 656 4072 editionem
677 4010 880 4074 Baluziauam
902 4010 1028 4095 prodiit.
1075 4011 1194 4076 Suffra-

146 4099 295 4184 gantibus
317 4096 425 4160 iisdem
448 4094 531 4158 Novi
555 4094 688 4182 Collegii
711 4095 816 4160 MStis
836 4096 918 4159 hano
940 4096 1066 4182 praetuli
1091 4098 1196 4162 lectio-

147 4206 228 4247 nem.
263 4183 455 4266 Ubicunque
474 4193 579 4243 autem
594 4181 635 4245 ab
650 4181 785 4245 editione
803 4180 856 4244 illa
877 4181 999 4245 Baluzii
1016 4183 1048 4246 in
1063 4183 1113 4247 his
1128 4186 1192 4269 Cy-

146 4269 247 4354 priani
267 4267 424 4356 opusculis
438 4265 607 4346 discedam,
622 4266 656 4332 id
671 4291 755 4344 vero,
770 4280 865 4353 prout
876 4266 943 4352 jam
957 4268 1018 4332 feci
1033 4269 1064 4332 in
1081 4269 1194 4333 Firmi-
