2678 4830
379 280 575 377 co'NrsA
597 313 823 379 Ηαιιυοιυ
847 317 1010 381 Νουτι.
1176 318 1218 384 οι

170 478 362 567 ἀκονστός.
406 480 531 564 Ὅπου
559 488 647 591 ὁρᾷν
674 483 738 565 τὸν
766 485 888 588 Λόγον
915 488 1028 589 λε’γει,
1058 490 1219 591 ἀνάγκην

169 608 240 713 ἔχω
255 607 439 689 πιστεύειν
457 609 586 713 ὁρατὸν
604 620 730 693 τοῦτον
747 614 1033 717 ἀπεσταλμένον.
1062 617 1126 696 οῦκ
1144 617 1214 695 ἅλ-

169 744 235 819 λος
258 732 304 834 ἦν
328 734 457 836 ἀλλ’ἢ
477 738 496 815 ὁ
516 736 648 840 Λόγος.
692 736 781 819 ’Ότι
806 738 843 819 δὲ
869 739 1099 844 ἀπεστάλθη,
1119 779 1214 847 μαρ-

169 869 269 967 τυρεῖ
283 862 436 966 Πέτρος,
456 861 549 968 πρὸς
565 863 629 945 τὸν
646 862 906 971 ἑκατόνταρχον
930 867 1134 971 Κορνήλιον
1151 872 1213 950 λε’·

141 1017 259 1087 sycen,
290 987 571 1094 Ἐξαπέστειλεν
598 992 619 1069 ὁ
648 988 740 1075 Θεὸς
766 989 830 1070 τὸν
858 990 980 1093 Λόγον
1008 995 1116 1073 αὐτοῦ
1145 1002 1219 1081 τοῖς

168 1118 254 1199 υἱοῖς
271 1113 427 1219 Ἰσραὴλ
445 1115 504 1196 διὰ
520 1116 747 1222 κηρύγματος
764 1120 888 1218 Ἰησοῦ
906 1124 1084 1224 Χριστοῦ.
1116 1120 1218 1207 οὗτός

168 1243 269 1323 ἐστιν
295 1243 316 1321 5
344 1240 439 1327 Θεὸς
465 1245 486 1322 5
510 1243 656 1325 πάντων
685 1244 828 1349 Κόρας.
880 1251 925 1325 El
950 1246 989 1325 δὲ
1013 1249 1075 1328 οῦν
1098 1248 1218 1351 Λόγος

168 1371 435 1450 ἀποστέλλεται
465 1369 525 1451 διὰ
552 1373 676 1472 Ἰησοῦ
704 1377 884 1475 Χριστοῦ,
917 1371 959 1453 τὸ
986 1375 1126 1475 θέλημα
1155 1385 1219 1457 τοῦ

169 1494 315 1601 Πατρός
332 1500 432 1579 ἐστιν
449 1499 591 1599 Ἰησοῦς
610 1496 784 1602 Χριστός.

125 1660 161 1699 ιο
223 1622 282 1703 αἵ.
313 1630 440 1705 Ταῦτα
463 1624 529 1725 μὲν
553 1627 616 1705 οῦν
640 1629 793 1732 ἀδελφοὶ
811 1629 1050 1726 σημαίνουσιν
1067 1635 1104 1709 αἱ
1122 1664 1215 1734 γρα-

169 1752 249 1856 φαί,
270 1749 405 1851 ταύτην
428 1747 495 1850 τὴν
520 1752 720 1850 οἰκονομίαν
741 1754 988 1855 παραδίδωσιν
1010 1754 1094 1854 ἦμιν
1116 1759 1175 1835 καὶ
1197 1760 1218 1837 ὁ

168 1877 340 1981 μακάριος
357 1877 524 1979 Ἰωάννης
542 1881 580 1957 ἐν
599 1880 812 1986 Εῦαγγελῦρ
829 1888 1034 1983 μαρτυρῶν,
1056 1886 1113 1962 καὶ
1132 1892 1217 1964 τοῦ·

168 2039 229 2083 τον
241 2001 307 2083 τὸν
321 2001 444 2105 Λόγον
458 2001 553 2084 Θεὸν
572 2005 744 2106 ὁμολογεῖ
759 2006 870 2088 οὕτως
888 2006 1021 2107 λε’γων,
1043 2009 1109 2087 Ἐν
1123 2012 1218 2114 dm}

167 2128 211 2229 ἦν
225 2131 258 2237 ,ὸ
287 2130 422 2232 Λόγος,
453 2133 511 2211 καὶ
539 2133 559 2211 5
588 2129 709 2233 Λόγος
735 2129 780 2230 ἧν
809 2130 901 2237 πρὸς
927 2133 991 2213 τὸν
1019 2132 1129 2231 Θεὸν,
1159 2136 1218 2214 καὶ

125 2286 158 2348 15
169 2256 262 2342 Θεὸς
278 2255 325 2357 ἦν
343 2260 364 2337 5
383 2255 515 2359 Λόγος.
548 2265 594 2338 Εἰ
612 2258 650 2339 δὲ
667 2260 730 2338 οῦν
743 2261 763 2338 5
778 2256 897 2360 Λόγος
915 2259 1006 2364 πρὸς
1023 2259 1087 2340 τὸν
1105 2259 1215 2358 Θεὸν,

169 2384 261 2470 Θεὸς
278 2382 344 2483 νῦν,
365 2387 404 2464 τί
424 2388 487 2470 οῦν
513 2386 661 2494 φήσειεν
680 2387 724 2466 ἄν
742 2422 810 2483 τις,
833 2386 896 2466 δύο
914 2388 1033 2488 λέγειν
1053 2389 1131 2494 (for.
1153 2389 1217 2467 λε’·

168 2511 266 2619 γεις)
293 2509 433 2610 Θεοῦς,
465 2511 529 2592 δύο
553 2510 618 2612 μὲν
645 2515 709 2592 οῦκ
737 2515 805 2613 ε’ρῶ
834 2512 948 2597 Θεοῦς
976 2514 1060 2592 ἀλλ’
1087 2510 1110 2612 ἢ
1139 2514 1216 2611 ἕνα,

169 2636 352 2742 πρόσωπα
376 2637 413 2717 δὲ
436 2639 513 2738 δύο,
535 2641 737 2739 οἰκονομίαν
757 2638 836 2746 (for.
857 2641 1062 2749 οἰκονομίᾳ)
1083 2640 1122 2720 δὲ
1139 2643 1215 2744 τρί-

169 2797 235 2864 την
261 2762 328 2864 τὴν
354 2763 459 2870 χάριν
486 2774 550 2845 τοῦ
579 2767 684 2867 ἁγίου
713 2765 934 2866 Πνεῦματος.
997 2766 1126 2871 Πατὴρ
1154 2766 1219 2866 μέν

170 2973 309 3033 audibile.
345 2973 471 3043 Quando
489 2974 560 3032 dicit
574 2974 674 3032 videre
715 2976 837 3033 nificant
850 2975 935 3033 nobis
950 2976 1109 3050 scripture.
1133 2976 1219 3034 Hanc

171 3054 312 3120 Verbum,
335 3073 455 3113 neeesse
478 3066 523 3112 est
544 3055 617 3111 mihi
641 3066 675 3113 ut
715 3057 920 3121 oeconomiam,
938 3056 968 3111 id
989 3067 1044 3120 est,
1062 3057 1218 3112 incarnati-

170 3133 297 3201 credam,
307 3136 387 3193 hune
396 3136 542 3193 visibilem
552 3136 674 3192 missum
715 3155 802 3192 onem
824 3137 913 3193 tradit
933 3135 1017 3192 nobis
1036 3135 1167 3192 Joannes
1187 3137 1219 3193 in

170 3233 243 3273 esse.
285 3215 396 3273 Missus
420 3228 519 3273 autem
544 3235 605 3273 non
630 3228 674 3274 est
715 3216 886 3292 Evangelio,
905 3215 1074 3272 testimonio
1096 3233 1166 3279 su0;
1189 3227 1219 3271 et

170 3295 243 3352 elius
258 3315 347 3370 quam
357 3296 500 3354 Verbum.
522 3297 610 3365 Quod
623 3315 673 3353 au·
715 3297 771 3353 hoc
782 3296 914 3352 Verbum
935 3295 1092 3351 confitetur
1111 3294 1217 3360 Deum‘,

170 3387 231 3433 tem
251 3377 373 3434 missum
393 3377 457 3443 fuit,
478 3388 603 3435 testetur
622 3377 675 3434 Pe·
715 3377 757 3433 sic
771 3376 924 3450 inquiens:
940 3370 1000 3429 1)Ιιι
1007 3374 1145 3447 princepis
1159 3383 1220 3431 erat

169 3467 242 3521 trus,
254 3474 322 3514 oum
336 3456 408 3514 dixit
420 3457 557 3515 Cornelio
572 3469 673 3514 centu·
720 3457 845 3520 Verbum,
870 3463 898 3512 et
923 3454 1039 3510 Verbum
1062 3462 1123 3511 erat
1149 3457 1222 3529 apud

168 3536 269 3594 rioni:
306 3537 412 3594 amisit
448 3539 527 3594 Deus
560 3538 676 3594 Verbum
716 3538 815 3601 Deum,
830 3545 856 3592 et
870 3536 947 3591 Deus
960 3543 1021 3592 erat
1039 3535 1163 3592 Verbum.
1187 3535 1220 3592 Si

168 3635 246 3673 mm
256 3617 331 3692 filiis
344 3617 439 3674 Israel
447 3637 501 3691 per
516 3619 675 3691 predicati·
717 3636 786 3694 ergo
800 3616 930 3673 Verbum
946 3626 1008 3673 eret
1021 3615 1098 3691 apud
1112 3616 1218 3679 Deum,

168 3697 322 3754 onernJesu
338 3698 451 3756 Christi.
472 3699 531 3754 Hic
544 3707 584 3754 est
599 3699 677 3755 Deus
717 3709 747 3755 et
765 3697 843 3753 Deus
858 3707 929 3762 eret,
946 3695 1016 3771 quid
1030 3696 1120 3774 ergo?
1143 3696 1220 3753 dicet

168 3778 285 3834 omnium
299 3778 441 3835 Dominus.
469 3777 502 3835 Si
516 3797 586 3855 ergo
600 3778 674 3835 Ver·
716 3796 755 3835 ne
769 3777 873 3852 aliquis
885 3777 980 3834 dicere
988 3777 1135 3833 Joennem
1147 3776 1219 3833 duos

168 3857 239 3915 bum
252 3858 382 3915 mittitur
394 3877 447 3934 per
459 3859 563 3916 Jesum
578 3859 674 3915 Chris-
716 3858 816 3915 Deos?
850 3858 932 3914 Duos
953 3857 1071 3931 quidem
1093 3875 1154 3914 non
1176 3857 1218 3912 di-

169 3948 242 4003 tum,
257 3939 395 3996 voluntas
413 3939 506 3996 Patris
528 3950 572 3997 est
589 3940 675 3996 Jesus
716 3958 791 4003 cam,
808 3938 859 3995 sed
872 3957 965 3994 unum
974 3960 981 4003 ;
997 3955 1135 4012 personas
1147 3954 1217 3992 vero

169 4016 313 4076 Christus.
716 4018 797 4084 duas,
810 4018 1004 4076 oeconomiam
1014 4017 1141 4080 tertiam,
1152 4033 1216 4090 gra-

202 4097 284 4156 XIV.
301 4099 375 4156 Haec
386 4099 484 4177 igitur,
493 4099 606 4165 fratres,
619 4100 675 4176 sig·
715 4099 787 4155 tiam
802 4098 867 4154 dieo
885 4097 986 4155 Sancti
1000 4095 1135 4171 Spiritus.
1165 4094 1217 4148 Pa-

434 4259 448 4288 2
465 4250 548 4297 Actor.
561 4266 584 4297 x.
597 4250 637 4309 36.
803 4251 816 4287 b
834 4247 891 4296 Joh.
904 4249 919 4294 i.
936 4263 956 4294 1.

690 4350 709 4390 F
