2678 4830
110 335 177 405 276
493 337 525 401 S.
542 335 778 402 CYPRIANI

113 517 175 582 ent
191 532 313 581 omnes
330 506 484 582 ecclesie
506 511 592 608 quia
617 534 683 609 ego
703 534 784 581 sum
805 515 992 581 scutatos·
1006 507 1114 581 renis
1133 518 1173 581 et

113 624 241 699 cordis.
272 624 353 697 Nec
371 624 470 697 enim
487 625 699 723 sanguinem
718 637 879 697 nostrum
899 624 1028 722 quaerit
1045 624 1170 712 Deus,

114 739 176 814 scd
193 740 316 813 fidem.
368 740 467 815 Nam
492 768 558 815 nee
575 741 773 826 Abraham,
791 766 858 813 nec
881 741 994 830 Isaac,
1010 766 1081 813 nee
1098 740 1128 813 J
1131 768 1171 814 a·

113 859 182 930 cob
208 856 316 930 occisi
344 870 439 947 sunt,
458 869 496 930 et
521 870 643 930 tamen
668 855 752 929 fidei
781 881 823 929 ac
843 854 994 952 justitiae
1021 855 1168 930 meritis

114 973 280 1046 honorati
298 974 391 1046 inter
406 972 626 1072 patriarchas
644 972 751 1072 primi
770 999 847 1046 esse
865 986 1096 1060 meruerunt3
1117 975 1194 1060 ads
1219 960 1221 964 ¹

113 1115 265 1186 quorum
294 1089 498 1163 convivium
526 1102 763 1188 congregatur
787 1088 950 1188 quisquis
979 1088 1098 1164 fidelis
1126 1106 1168 1167 et

106 1203 240 1301 justus,
257 1218 293 1277 et
309 1204 498 1277 laudabilis
515 1203 705 1277 invenitur.

163 1322 255 1395 XII.
290 1321 505 1395 Meminisse
530 1321 705 1394 debemus
731 1321 955 1394 voluntatem
982 1348 1059 1412 nos,
1086 1349 1165 1396 non

2 1471 8 1486 ·
36 1449 69 1498 vr.
113 1452 286 1527 nostram,
305 1439 365 1512 sed
382 1439 455 1512 Dei
472 1439 588 1512 facere
605 1436 746 1528 debere,
763 1437 959 1511 seeundum
979 1437 1078 1535 quod
1094 1467 1165 1513 nos

113 1556 298 1629 Dominus
315 1554 476 1653 quotidie
488 1554 597 1650 jussit
614 1580 723 1627 orare.
760 1555 880 1636 Quam
900 1567 1163 1654 praeposterum
1178 1583 1216 1623 ro

113 1685 168 1745 est
197 1698 381 1769 quamque
410 1697 615 1770 perversum
649 1682 690 1743 ut
718 1697 802 1743 curn
833 1671 906 1744 Dei
935 1672 1163 1746 voluntatem

113 1787 191 1861 fieri
217 1787 454 1887 postulemus,
472 1786 617 1883 quando
642 1800 768 1861 evocat
793 1814 859 1860 nos
882 1801 919 1861 et
944 1788 1094 1864 accersit
1116 1790 1165 1864 de

113 1902 349 1977 boemundo
373 1902 489 1991 Deus,
514 1929 588 1975 non
615 1903 737 1976 statim
764 1904 958 1979 voluntatis
985 1905 1061 2002 ejus
1091 1905 1165 1979 irn-

113 2021 215 2122 perio
231 2046 432 2120 pareamus.
467 2019 678 2093 Obnitimur
695 2034 732 2094 et
748 2022 977 2113 reluctamur,
991 2035 1027 2096 et
1042 2024 1164 2124 perri-

114 2139 254 2214 cacium
273 2165 374 2212 more
390 2163 574 2212 servorum
588 2138 633 2210 ad
650 2151 885 2238 conspectum
903 2138 1055 2213 Domini
1073 2168 1161 2216 cum
1178 2160 1213 2222 15

113 2256 258 2331 tristitia
275 2269 312 2329 et
334 2283 488 2331 moerore
511 2254 752 2355 perducimur,
776 2268 949 2329 exeuntes
971 2256 1077 2331 istinc
1097 2285 1164 2333 ne·
1239 2329 1252 2345 ‚

113 2374 289 2448 cessitatis
307 2373 463 2462 vinculo,
482 2399 554 2445 non
572 2371 745 2469 obsequio
762 2373 976 2458 voluntatis;
1002 2387 1040 2447 et
1055 2376 1161 2451 volu·

113 2517 194 2564 mus
221 2492 333 2564 abeo
358 2489 513 2584 praemiis
540 2488 748 2563 coelestibus
776 2488 954 2581 honorari,
977 2491 1021 2565 ad
1047 2517 1160 2588 quem

112 2607 277 2682 venimus
303 2606 417 2679 inviti.
469 2605 569 2688 Quid
595 2632 681 2704 ergo
706 2631 849 2678 oramus
871 2619 908 2680 et
932 2607 1092 2706 petimus
1118 2624 1161 2686 ut

113 2721 280 2797 adveniat
301 2747 451 2819 regnum
475 2722 663 2811 coelorum,
680 2719 709 2793 si
734 2720 922 2819 captivitas
941 2735 1080 2797 terrena
1096 2725 1159 2800 de·
1172 2751 1213 2792 20

112 2836 244 2909 lectat?
283 2834 383 2916 Quid
409 2836 573 2933 precibus
599 2836 804 2933 frequenter
828 2837 963 2910 iteratis
989 2864 1160 2938 rogamus

113 2965 150 3026 et
172 2951 355 3051 poscimus
379 2965 420 3023 ut
443 2951 616 3024 acceleret
632 2952 708 3025 dies
729 2952 844 3052 regni,
863 2953 892 3026 si
911 2953 1046 3051 majora
1063 2956 1161 3031 desi·

111 3067 210 3141 deria
226 3081 262 3140 et
279 3081 362 3140 vota
379 3066 519 3167 potiora
537 3081 621 3139 sunt
638 3070 767 3143 servire
783 3070 863 3145 istic
885 3071 1030 3158 diabolo
1045 3100 1159 3172 quam

112 3212 260 3286 regnare
277 3211 360 3259 cum
380 3182 548 3257 Christo?

159 3303 273 3377 XIII.
301 3301 473 3400 Denique
497 3315 538 3376 ut
565 3301 786 3376 manifestius
812 3304 942 3380 divinae
966 3307 1209 3406 providem-25

110 3420 170 3493 tiae
188 3419 321 3493 indicia
338 3421 584 3504 clarescerent,
598 3419 697 3516 quod
715 3419 897 3495 Dominus
915 3424 1084 3522 praescius
1100 3425 1159 3498 fu-

111 3549 273 3608 turorum
296 3533 368 3605 suis
389 3535 555 3607 consulat
575 3534 619 3607 ad
641 3561 762 3608 veram
781 3537 950 3611 salutem:
974 3564 1057 3615 eum
1077 3540 1160 3638 qui-

111 3650 194 3723 dam
222 3649 268 3721 de
291 3649 437 3745 collegis
460 3661 497 3721 et
521 3649 832 3724 consacerdotibus
854 3653 984 3727 nostris
1007 3654 1159 3728 infirmi-

110 3779 185 3839 tate
201 3765 360 3838 defessus
377 3777 413 3837 et
431 3763 475 3836 de
493 3764 805 3864 appropinquante
822 3767 902 3865 jam
926 3784 1042 3844 morte
1059 3771 1159 3844 solli-

111 3883 203 3956 eitus
236 3894 479 3954 commeatum
517 3881 586 3953 sibi
615 3897 828 3981 precaretur,
860 3885 998 3961 adstitit
1031 3887 1209 3988 deme-30

109 3999 205 4073 canti
229 4012 265 4072 et
285 3999 361 4095 jam
390 4023 482 4096 pene
510 3997 675 4071 morienti
696 3998 840 4095 juvenis
866 4001 1002 4077 honore
1023 4016 1061 4076 et
1080 4030 1158 4077 ma-

102 4117 234 4215 jestate
263 4112 485 4203 venerabilis,
512 4125 607 4186 statu
633 4114 760 4204 celsus,
785 4129 822 4189 et
850 4116 966 4193 clarus
996 4132 1156 4220 aspectu,

109 4245 146 4305 et
163 4256 274 4330 quem
293 4229 517 4303 assistentem
533 4228 600 4302 sibi
615 4228 676 4303 vix
692 4242 815 4328 posset
831 4231 1011 4307 humanus
1030 4260 1155 4333 aspec-
