2678 4830
155 329 220 391 220
507 322 842 388 FIRMILIANUS.

154 525 175 570 a
197 496 308 569 Paulo
333 494 463 567 invecti
487 493 683 566 novitatem
703 493 848 590 quidem
868 489 1065 579 damnavit,
1082 490 1204 563 homi-

154 638 239 685 nem
257 637 340 683 vero
363 610 483 707 ipsum
509 608 723 683 sententiam
748 637 785 683 se
807 620 1029 683 mutaturum
1049 607 1204 705 promit-

154 739 290 801 tentem
322 724 492 797 damnare
519 723 671 814 distulit,
700 727 745 799 ab
776 725 924 798 homine
954 722 1086 795 nullius
1115 721 1201 794 fidei

154 843 337 941 deceptus,
358 866 576 940 speransque
602 839 679 913 sine
705 842 780 913 ullo
805 838 986 937 religionis
1012 838 1204 938 dispendio

155 987 232 1033 rem
249 959 388 1058 optime
405 985 510 1056 posse
527 954 709 1030 constitui.
762 955 902 1055 Synodi
929 956 1030 1027 istius
1048 954 1204 1054 epistola

156 1074 328 1174 synodica
351 1101 372 1146 a
394 1071 572 1145 Turriano
595 1070 751 1144 tenebris
774 1085 875 1144 eruta
900 1083 1018 1144 exstat
1035 1071 1099 1143 Gr.
1117 1071 1203 1143 Lat.

157 1189 296 1264 Concil.
311 1201 399 1261 tom.
412 1188 442 1261 I.
455 1187 627 1260 Auetuar.
645 1186 863 1259 Bibliothec.
884 1187 952 1258 ΡΡ.
970 1185 1078 1258 Paris.
1094 1184 1204 1258 1624.

156 1319 246 1380 tom.
263 1305 294 1377 Ι.
318 1330 399 1403 pag.
417 1317 503 1378 302.
539 1302 665 1394 (Edita
691 1301 787 1401 apud
810 1301 1013 1375 Concilium
1031 1301 1203 1375 Antioch.

156 1433 285 1498 contro
301 1420 466 1495 Paulum
485 1420 763 1494 Somosotenom
784 1419 820 1490 in
840 1419 909 1491 vol.
925 1418 975 1490 Il.
995 1416 1205 1518 Reliquiar.

159 1539 279 1633 Scor.)
325 1537 420 1611 Cum
440 1562 523 1609 vero
541 1563 637 1610 anuo
655 1548 728 1626 270
746 1537 790 1609 ad
809 1536 1002 1609 secundam
1022 1533 1205 1635 synodum

158 1651 427 1725 Antiochenam
455 1651 622 1724 adversus
647 1653 804 1726 eundern
834 1653 986 1724 Paulum
1015 1651 1206 1724 collectam

159 1757 227 1841 iter
249 1767 392 1854 faceret,
418 1780 454 1839 et
471 1767 551 1863 jam
576 1768 730 1841 Tarsum
756 1795 871 1865 usque
897 1780 1127 1866 pervenerat3
1153 1768 1206 1840 ibi

160 1879 372 1980 grandaevus
390 1877 562 1953 decessit:
590 1879 641 1952 uti
666 1883 793 1982 synodi
812 1882 914 1956 istius
932 1883 1054 1955 Patres
1072 1884 1107 1955 in
1126 1882 1208 1956 lite-

160 1995 208 2069 ris
227 1994 300 2067 suis
318 1993 510 2092 encyclicis
528 2008 705 2071 testantur
712 1997 739 2071 ὓ.
782 1997 897 2071 Extat
914 1997 1008 2071 inter
1023 1997 1208 2097 Epistolas

161 2111 394 2211 cyprianicas
412 2111 645 2187 ⁰Firmc‘lioni
664 2116 715 2188 od
739 2115 967 2214 Cypmonum
988 2113 1169 2212 Epistola,
1187 2142 1209 2187 a

162 2228 357 2328 Cypriano,
371 2227 474 2324 cujus
493 2231 627 2329 stylum
646 2232 754 2331 plane
772 2233 877 2333 sapit,
896 2234 1038 2320 Latine,
1054 2248 1093 2308 ut
1111 2234 1211 2307 vide·

163 2360 233 2436 tur,
251 2373 372 2430 versa;
399 2371 471 2442 qua
495 2349 709 2421 confirmata
734 2349 907 2448 Cypriani
934 2348 979 2423 de
1006 2349 1211 2424 Haeretico-

163 2489 245 2537 rum
267 2463 460 2564 Baptismo
483 2464 671 2555 sententia,
689 2465 916 2564 Stephanum
940 2493 1071 2565 papam
1090 2467 1137 2538 ob
1156 2466 1212 2538 in-

165 2578 442 2668 humanitatem,
460 2580 659 2671 audaeiam,
675 2581 918 2670 insolentiam,
937 2581 1076 2678 aliaque
1097 2583 1142 2654 ab
1165 2609 1211 2654 eo

164 2695 330 2795 improbe
347 2709 447 2795 gesta
465 2698 591 2770 acerbe
607 2697 823 2795 perstringit.
872 2696 1070 2769 Firmiliani
1087 2698 1211 2786 libros,

165 2839 255 2911 quos
280 2828 364 2912 post
389 2841 427 2887 se
453 2813 608 2910 reliquit,
627 2814 715 2888 citat
740 2812 896 2886 Basilius
922 2812 967 2885 de
993 2813 1148 2913 Spriritu
1173 2815 1211 2886 S.

166 2951 245 3024 cap.
258 2925 357 2998 xxix.
375 2953 411 3024 p.
423 2924 509 3000 360.
528 2942 618 3024 quot
634 2955 729 3017 vero,
742 2930 798 3002 vel
816 2929 966 3027 quinam
984 2930 1119 3004 fuerint
1136 2959 1208 3004 non

166 3039 265 3115 dicit.

206 3193 223 3240 b
236 3198 293 3274 Ap.
310 3197 416 3257 Euseb.
432 3199 481 3257 lib.
493 3200 562 3260 VII.
578 3219 642 3278 cap.
654 3219 705 3277 30.

207 3294 322 3354 ⁰Conl'.
344 3297 428 3356 Fabr.
454 3298 530 3357 Bibl.
552 3299 630 3357 med.
656 3311 687 3358 et
707 3301 799 3360 infim.
821 3301 942 3360 Latinit.
963 3300 1015 3360 lib.
1031 3302 1083 3359 VI.
1104 3303 1162 3360 vol.
1179 3305 1211 3361 ii.

166 3409 277 3470 P⁶499·
