2678 4830
230 310 282 372 IN
307 310 338 371 S.
356 306 592 372 CYPRIANI
614 306 679 369 DE
703 306 1081 373 MORTALITATE.
1127 313 1192 380 329

141 479 218 544 alios
237 501 361 557 novem,
378 500 514 564 quorum
537 476 690 562 scriptura
711 479 744 542 in
763 477 837 542 edit.
854 480 960 543 Oxou.
976 479 1113 545 adducta
1131 495 1189 561 est,

141 565 224 629 idem
247 564 332 629 istud
354 563 504 650 expunxi.
552 563 652 626 Simili
674 564 714 628 de
735 587 828 628 causa
849 588 957 629 vocem
978 567 1095 630 scilicet
1120 583 1191 654 post

141 653 252 715 docem
266 651 321 714 lin.
335 667 386 732 27.
401 649 565 713 delendam
581 649 699 713 censui.

186 738 226 800 P.
241 738 314 818 269.
326 735 346 797 l.
362 751 411 816 17.
429 749 461 799 et
477 734 613 821 Spiritus
627 758 684 798 nos
700 734 852 822 perducat
866 735 908 798 ad
923 736 1029 799 Deum
1045 739 1186 823 Patrem]

141 825 190 886 Et
206 823 353 886 Christus
367 843 425 886 uos
432 822 592 908 perducat
605 823 648 884 ud
662 824 766 885 Deum
782 823 921 885 Putrem.
962 823 1013 886 Sic
1028 822 1136 910 scripsi
1151 848 1191 888 ex

141 908 204 972 fide
219 924 356 994 quatuor
371 920 511 971 veterum
525 907 749 992 exemplarium
765 930 823 995 pro
837 931 874 970 eo
894 907 980 993 quod
1000 923 1091 973 antea
1105 909 1190 997 lege·

140 994 236 1057 batur
250 995 408 1080 Spiritus.
454 996 495 1057 In
511 992 637 1056 duobus
651 1007 756 1057 autem
773 1017 812 1057 cx
827 993 865 1057 iis
879 1007 1016 1079 quatuor
1031 994 1190 1061 codicibus

141 1079 291 1166 scriptum
312 1092 359 1143 est
374 1079 523 1143 Christus
538 1103 575 1142 eo
591 1079 685 1142 modo
699 1103 764 1165 quo
778 1101 834 1166 per
848 1079 1069 1166 compendium
1088 1105 1189 1167 quan-

40 1179 45 1191 ’
141 1165 246 1251 doque
262 1163 338 1229 solet
354 1164 445 1227 scribi
457 1167 663 1251 Spirituaet
678 1188 774 1251 supra
787 1165 899 1229 lineam
916 1165 1065 1252 scriptum
1081 1182 1127 1231 est
1142 1169 1192 1232 vel

142 1253 300 1338 Spiritus.
347 1252 448 1314 Porro
470 1274 552 1335 saepe
573 1250 606 1314 in
628 1251 766 1337 antiquis
787 1251 947 1316 codicibus
971 1253 1190 1340 manuscriptis

141 1361 162 1400 o
185 1360 274 1401 erum
294 1336 392 1400 sancti
408 1335 558 1423 Cypriani
579 1352 610 1401 et
627 1335 759 1401 aliorum
780 1352 921 1402 veterum
936 1337 1123 1424 scriptorum
1138 1363 1189 1405 ec·

142 1361 384 1487 olisiasticorum
399 1421 465 1485 vidi
479 1422 630 1509 scriptum
642 1425 789 1511 Spiritus
804 1447 861 1510 pro
878 1425 1027 1489 Christus
1041 1440 1072 1489 et
1087 1449 1105 1489 e
1119 1449 1191 1490 con-

143 1532 243 1586 verso,
258 1508 399 1594 inprimis
414 1530 489 1571 vero
503 1507 589 1594 apud
607 1526 766 1572 auctorem
785 1509 857 1573 libri
879 1510 919 1573 de
941 1510 1189 1596 Rebaptismate,

143 1595 199 1680 qui
237 1618 285 1681 ag.
298 1597 374 1678 364.
390 1595 526 1658 referens
540 1594 643 1658 locum
664 1619 703 1659 ex
726 1595 871 1681 Epistola
887 1596 990 1682 prima
1003 1599 1026 1660 J
1028 1597 1136 1661 oannis
1157 1599 1190 1662 in

143 1705 207 1767 quo
213 1618 337 1766 legitur
354 1681 503 1744 Christus
517 1691 563 1745 est
582 1683 702 1745 ueritus
716 1681 822 1768 posuit
837 1684 985 1769 Spiritus
999 1693 1045 1746 est
1059 1687 1190 1748 veritos.

144 1767 215 1831 Scio
241 1766 405 1831 Christum
429 1766 502 1830 alibi
528 1767 630 1831 vocari
655 1766 818 1865 Spiritum,
841 1767 934 1832 etiam
960 1769 1048 1855 apud
1075 1769 1190 1858 Cypri-

141 1876 248 1918 auum.
301 1853 362 1917 Sed
378 1876 450 1916 cum
466 1853 637 1918 habeamus
650 1853 743 1918 aliam
761 1853 925 1918 lectionem
943 1854 1123 1934 faciliorem,
1139 1879 1192 1920 ne-

142 1964 224 2004 cesse
236 1962 298 2003 non
310 1953 357 2002 est
371 1962 440 2002 eam
455 1939 587 2004 retinere
599 1963 672 2026 quae
686 1953 790 2026 potest
803 1940 918 2005 habere
932 1940 1147 2006 difficultatem
1159 1957 1192 2006 et

141 2025 290 2090 inducere
303 2025 533 2089 obscuritatem.
566 2028 647 2089 Haec
664 2028 849 2091 Bauuzius.
894 2027 937 2090 At
954 2042 1084 2114 propter
1103 2043 1190 2092 ante-

141 2113 282 2177 cedentia
311 2112 408 2175 verba
436 2126 573 2176 veterem
602 2111 715 2174 reduxi
744 2111 918 2188 lectionem,
945 2135 1018 2197 quae
1046 2114 1191 2180 firmatur

141 2199 263 2284 scriptis
277 2197 447 2273 codicibus,
460 2221 541 2283 quos
555 2195 659 2274 sciam,
675 2196 821 2260 omuibus
836 2211 949 2282 praeter
963 2221 1079 2283 paucos
1095 2200 1192 2264 Balu-

141 2285 256 2348 zianos
310 2281 488 2360 Quinetiam
519 2281 679 2358 Baluzius,
709 2281 787 2345 dum
816 2282 902 2346 hunc
928 2283 1056 2380 quidem
1085 2285 1189 2350 locum

141 2385 255 2447 mutat,
277 2367 394 2431 oblitus
416 2381 462 2431 est
485 2366 635 2431 notissimi
661 2367 787 2431 canonis
809 2369 885 2432 artis
907 2368 1034 2449 criticae,
1058 2371 1114 2456 qui
1136 2372 1192 2436 ob-

142 2455 321 2532 scuriorem,
344 2454 533 2540 caeteroquin
562 2453 704 2540 probam,
731 2453 893 2518 lectionem
918 2455 1013 2542 jubet
1042 2480 1099 2521 nos
1123 2480 1188 2522 am-

164 2540 245 2605 lecti.

141 2564 163 2627 p
187 2625 273 2690 Ibid.
294 2626 316 2688 l.
330 2645 385 2711 33.
417 2626 572 2713 scriptura
597 2625 713 2704 divina,
738 2627 844 2690 dicens
871 2627 940 2710 hc]
966 2627 1088 2693 Videsis
1109 2628 1192 2694 infra

141 2736 215 2798 quae
240 2712 280 2776 de
304 2711 364 2775 hoc
388 2710 469 2775 libro
493 2713 716 2777 Ecclesiastico
740 2712 780 2776 ad
806 2711 945 2776 libellum
970 2715 1008 2778 dc
1036 2717 1137 2803 Opere
1161 2727 1192 2782 et

141 2799 353 2884 Eleemosynae
367 2821 440 2884 pag.
456 2815 529 2883 254.
544 2798 770 2862 annotavimus.

185 2886 224 2948 P.
240 2901 313 2965 271.
331 2884 352 2948 l.
365 2899 417 2968 25.
444 2883 690 2970 Monet-dicit]
711 2887 793 2950 Haec
814 2884 911 2949 verba
932 2907 991 2972 pro
1012 2886 1103 2951 editis
1124 2911 1188 2953 mo-

140 2981 215 3035 ueat
236 2972 331 3048 dicut,
347 2993 386 3034 ex
408 2970 514 3035 codice
535 2970 620 3035 Novi
643 2970 775 3058 Collegii
798 2990 827 3036 a.
848 2985 945 3058 atque
966 2971 1093 3038 duobus
1114 2975 1191 3039 meis

142 3057 247 3121 MStis
261 3079 330 3120 rece
354 3056 374 3120 i.

185 3145 223 3207 P.
237 3159 310 3224 272.
326 3079 391 3226 liu
416 3141 626 3207 Christianam
643 3144 751 3229 fidem]
770 3144 876 3230 Vulgo
891 3143 1061 3208 Christiani
1070 3145 1187 3229 fldem.

142 3231 182 3293 In
203 3229 309 3294 codice
328 3229 412 3294 Novi
428 3228 510 3293 Coll.
527 3247 557 3294 2.
573 3240 605 3293 et
621 3228 654 3292 in
673 3243 725 3294 utr
769 3253 809 3293 ue
827 3252 898 3294 meo
917 3251 980 3293 non
996 3231 1187 3309 Christiani,

140 3316 195 3380 sed
212 3317 429 3381 Christianum
444 3315 561 3396 inveni,
576 3314 663 3401 quod
678 3254 821 3380 hocoloco
835 3316 965 3380 fortasse
978 3315 1099 3380 melius.

185 3401 269 3466 Ibid.
294 3401 318 3465 l.
337 3404 387 3465 16.
412 3400 610 3466 Conflictatio
632 3400 663 3463 iu
691 3401 828 3465 adversis
851 3401 995 3486 probatio
1017 3417 1064 3466 est
1088 3401 1186 3466 virtu-

140 3488 193 3574 tis]
225 3489 328 3575 Vulgo
353 3489 509 3565 veritatis,
536 3511 609 3572 quae
634 3487 763 3572 quidem
791 3487 883 3553 lectio
909 3487 941 3551 iu
971 3487 1077 3552 codice
1103 3489 1188 3552 Novi

142 3575 224 3639 Coll.
244 3596 272 3637 1.
294 3587 392 3652 extat,
411 3573 464 3637 sed
485 3597 525 3636 ex
544 3596 609 3636 uno
629 3572 802 3637 Bodleiano
821 3573 852 3637 iu
869 3573 971 3638 Variis
991 3575 1095 3640 Lectt.
1111 3575 1187 3640 edit.

141 3663 246 3723 Oxou.
266 3674 448 3736 memorato,
464 3658 569 3722 codice
583 3659 681 3723 altero
696 3660 781 3725 Novi
797 3660 877 3724 Coll.
894 3683 943 3725 me
986 3684 1026 3725 ue
1042 3664 1186 3725 Tewate·

140 3767 217 3810 rano
237 3749 379 3823 virtutis,
401 3745 435 3808 id
454 3745 542 3831 quod
560 3745 633 3809 olim
654 3746 845 3832 conjeceram
869 3685 1051 3834 legeridum,
1075 3749 1188 3834 recepi.

140 3831 198 3894 Ad
219 3855 305 3896 oram
327 3845 432 3897 autem
455 3830 568 3896 codicis
590 3832 674 3896 Novi
698 3832 778 3897 Coll.
799 3831 897 3897 altera
917 3832 1010 3897 lectio
1031 3845 1129 3911 extat,
1156 3850 1188 3898 et

140 3916 227 3980 aliud
242 3918 344 3982 nescio
359 3918 436 4005 quid
452 3917 484 3980 in
499 3917 597 3982 altero
611 3941 681 3983 meo
697 3921 796 3983 MSto
809 3919 946 4005 positum
961 3933 1017 3983 est.

185 4003 271 4067 Ibid.
293 4003 315 4066 l.
334 4025 381 4152 gp.
405 4004 535 4069 solidata
558 4007 616 4090 est]
639 4007 751 4071 Solidu
777 4015 824 4071 est
848 4005 944 4069 habet
968 4003 1064 4069 editio
1089 4004 1188 4069 Balu-

140 4089 233 4153 ziana'
254 4089 342 4174 perin
366 4114 383 4153 e
408 4105 503 4177 atquc
529 4091 733 4165 Oxoniensis3
765 4115 838 4156 cum
864 4114 938 4155 vero
962 4091 995 4155 in
1021 4091 1186 4157 duodecim

140 4174 262 4263 scriptis
282 4174 451 4254 codicibus,
474 4199 554 4262 quos
576 4177 762 4241 Oxoniensis
784 4192 1016 4254 commemorat,
1034 4201 1097 4241 vox
1115 4178 1188 4242 soli-

139 4263 216 4328 data
237 4274 334 4340 extet,
354 4262 596 4349 astipulantibus
617 4276 752 4350 utroque
771 4263 856 4328 Novi
875 4263 1009 4352 Collegii
1024 4263 1143 4344 codice,
1157 4280 1189 4328 et
