2678 4830
129 294 193 363 176
463 294 840 359 ANNOTATIONES

129 476 150 505 ⁴⁴
167 467 242 531 Mos
257 463 506 530 Christianorum
521 462 730 551 quorumdam
751 464 878 529 sedendi
898 464 1002 528 statim
1018 478 1090 553 post
1102 489 1176 537 ora·

128 559 150 591 ‘⁴
166 551 294 630 tionem,
310 550 539 637 superstitionis
552 550 699 636 arguitur
714 549 954 628 aTertulliano,
970 549 1026 615 lib.
1036 552 1076 616 de
1088 553 1174 616 Ora-

127 646 150 677 ⁴⁴
165 639 249 701 tione
263 660 290 701 c.
306 655 354 703 12.
371 636 426 701 ubi
446 637 531 702 hunc
552 637 658 702 locum
676 635 796 700 laudat.
842 637 1048 702 Consuetudo
1067 652 1174 702 autem

127 731 150 763 ⁴⁴
165 721 272 787 similis
285 721 371 819 apud
388 721 529 786 Gentiles
543 721 718 787 invaluerat
739 736 817 786 teste
839 721 985 787 Pindaro.
1030 724 1078 787 Et
1097 722 1175 788 Plu-

127 817 149 849 ‘⁴
166 809 291 873 [archus
305 830 337 870 m
353 809 472 885 Numa,
493 807 575 872 inter
588 807 798 894 aenigmaticas
813 831 899 874 more
914 807 1116 895 Pythagoreo
1128 808 1174 874 le·

126 903 219 982 “ges
239 894 323 958 illius
344 894 439 980 regis,
458 895 578 980 profert
600 895 680 958 hanc
702 917 840 981 quoque,
860 897 904 960 Ut
923 896 1070 959 sedeatur
1148 905 1174 960 t-

126 989 149 1020 ⁴⁴
163 1003 258 1067 quam
281 979 449 1045 admotum
464 982 599 1065 flamm
633 1002 728 1065 quam
759 980 860 1045 tribus
889 979 991 1044 modis
1018 917 1171 1080 expliciti:

31 1142 33 1147 ,
126 1075 149 1106 ⁴⁴
164 1066 250 1152 quod
264 1066 364 1129 firmae
381 1089 447 1129 esse
465 1065 600 1130 debeant
617 1089 734 1154 preces,
749 1065 1061 1153 permanendumque
1080 1081 1120 1131 sit
1138 1067 1173 1130 in

126 1161 149 1192 ⁴⁴
163 1150 273 1229 bonis3
295 1150 383 1237 quod
397 1150 597 1216 interstitium
615 1174 729 1238 ponere
744 1166 887 1239 oporteat
900 1151 1071 1216 orationem
1091 1153 1173 1217 inter

125 1245 148 1277 ‘⁴
161 1250 193 1301 et
213 1237 365 1302 actionem
389 1251 585 1310 secuturam3
610 1238 696 1324 quod
721 1260 760 1301 ue
781 1238 812 1300 in
835 1237 910 1315 otio,
925 1259 987 1302 non
1010 1252 1117 1303 autern
1138 1238 1173 1302 in

125 1323 365 1410 “occupatione
389 1346 426 1388 ac
451 1346 510 1410 pro
551 1338 665 1400 muter,
693 1261 822 1387 dumeti
847 1323 934 1388 adire
958 1322 1077 1388 deceat.
1130 1326 1171 1389 ln

125 1418 147 1449 ⁴⁴
162 1408 396 1488 Quaestiouibus
417 1433 492 1474 vero
510 1346 677 1484 {omanis
700 1424 805 1473 narrat
827 1431 884 1472 suo
905 1409 1010 1473 adhuc
1032 1423 1172 1496 tempore

125 1502 147 1535 ‘⁴
163 1496 313 1560 usitatum
329 1495 436 1570 fuisse,
453 1508 489 1559 ut
504 1495 560 1582 qui
575 1494 692 1582 precati
707 1509 809 1559 essent
823 1508 919 1581 atque
933 1495 1123 1576 adorassent,
1138 1495 1171 1560 in

125 1589 147 1620 ‘⁴
163 1581 287 1730 templis
302 1597 534 1667 perseverarent
547 1595 579 1646 et
596 1581 768 1646 sederent.”
798 1582 879 1644 Haec
899 1579 959 1645 ille.
997 1583 1098 1645 Porro
1117 1603 1172 1646 uo-

124 1679 193 1731 tatu
240 1667 351 1754 ignum
373 1680 430 1746 est,
451 1666 483 1730 in
506 1667 650 1730 manibus
672 1666 737 1731 suis
757 1665 904 1731 habuisse
925 1665 1170 1746 Tertullianum,

146 1751 277 1816 nicerte
292 1751 406 1815 Latine
426 1751 557 1850 scripsit,
573 1776 654 1839 opus
668 1752 755 1839 quod
770 1774 856 1816 nunc
871 1765 1024 1839 superest,
1040 1754 1172 1818 Hermae

123 1775 284 1901 instorem
315 1836 446 1916 dictum,
476 1836 604 1915 librum,
635 1855 762 1902 auctore
796 1838 995 1924 Hieronymo
1018 1840 1056 1903 da
1087 1840 1172 1904 Viris

125 1923 249 1987 Illustr.
265 1945 337 1986 voce
352 1924 504 2001 Hermus,
520 1923 606 2010 apud
623 1924 754 1988 Latinos
809 1947 849 1989 ne
862 1924 1016 2012 ignotum.
1045 1925 1172 2012 Quippe

124 2008 270 2096 suspicati
286 2024 358 2073 sunt
373 2008 471 2095 aliqui
485 2009 544 2072 viri
559 2009 654 2090 docti,
668 2011 734 2074 duo
747 2034 767 2073 ο
780 2010 820 2073 im
837 2009 976 2075 extitisse
989 2011 1058 2097 ejus
1073 2011 1172 2075 nomi-

123 2095 171 2158 nis
190 2093 351 2182 opuscula,
367 2094 516 2181 equibus
537 2118 636 2159 unum
654 2108 749 2160 restet
767 2119 785 2160 e
803 2097 919 2161 Graeco
937 2118 1072 2174 versum,
1092 2096 1170 2161 alte·

123 2203 193 2245 rum
219 2203 293 2245 vero
318 2203 338 2244 a
362 2182 459 2245 fratre
485 2181 536 2245 Pii
563 2180 698 2246 Romani
723 2181 871 2269 episcopi,
900 2181 1015 2246 Latine
1040 2183 1171 2247 fortasse

123 2267 285 2354 scriptum,
296 2267 363 2354 jam
379 2266 515 2366 perierit.
546 2267 626 2331 Vide
641 2268 807 2354 Reliquias
822 2269 917 2333 Sucr.
934 2267 995 2332 vol.
1011 2268 1070 2332 1v.
1086 2291 1119 2354 p.
1127 2289 1168 2354 31

122 2374 218 2439 —34.
258 2351 320 2417 Cui
335 2353 462 2438 qurdem
481 2377 501 2416 o
524 2351 619 2416 inioni
637 2353 741 2418 obstat
758 2353 877 2439 agnitio
896 2353 999 2440 operis
1018 2377 1036 2416 e
1057 2354 1171 2420 Graeco

122 2439 213 2516 versi,
228 2439 316 2526 quod
329 2452 427 2519 extat,
443 2440 483 2503 ab
499 2376 558 2503 iioc
574 2439 690 2503 Latino
705 2438 855 2525 scriptore
868 2438 964 2504 literis
978 2439 1170 2526 consignata.

123 2525 249 2589 Interea
260 2524 300 2588 ab
311 2525 396 2588 omni
407 2524 537 2590 concilio
552 2524 754 2590 ecclesiarum·
764 2524 987 2589 catholicarum
1001 2525 1082 2590 inter
1096 2548 1170 2612 apo-

121 2611 240 2697 crypha
254 2627 286 2675 et
300 2610 379 2674 falsa
393 2633 473 2710 opus
487 2610 584 2689 istud,
599 2610 687 2697 quod
701 2625 808 2688 restat,
820 2609 1042 2698 judicabatur;
1060 2611 1168 2676 eodem

121 2696 274 2760 referente
289 2696 488 2761 Tertullrano
502 2697 535 2760 in
549 2696 630 2761 libro
640 2698 678 2760 de
692 2697 856 2761 Pudicitia
870 2719 940 2783 cap.
957 2717 1007 2761 ro.

166 2784 204 2846 P.
226 2798 295 2864 107.
320 2781 343 2844 l.
362 2800 413 2847 ar.
439 2782 552 2869 angelo
577 2783 681 2846 adhuc
702 2781 850 2846 orationis
871 2784 1003 2881 astante]
1024 2783 1170 2847 Fortasse

120 2868 258 2930 orationi
273 2866 504 2932 rescribendum
521 2881 578 2945 est,
594 2891 666 2932 cum
684 2868 814 2955 angelus
834 2867 886 2932 ille
908 2867 1037 2932 Domini
1054 2868 1077 2931 si
1102 2868 1170 2932 nifi-

120 2952 184 3015 cari
205 2951 312 3038 possit,
328 2952 384 3038 qui
406 2955 553 3040 apparuit
576 2954 737 3017 Zacharia
759 2964 849 3018 simas
870 2976 891 3016 o
911 2955 1034 3018 deutris
1088 2956 1170 3018 turis

120 3038 249 3102 incensi.
269 3038 454 3103 Lucili.
493 3038 616 3103 Attulit
637 3053 743 3102 autem
764 3039 796 3103 in
819 3039 877 3103 hac
899 3063 933 3102 re
954 3054 1026 3126 post
1050 3042 1083 3104 S.
1099 3042 1170 3103 Au-

120 3123 281 3208 gustinum
303 3122 462 3210 Rigaltius
479 3124 583 3189 locum
608 3126 712 3202 Tobit,
732 3124 1031 3212 cap.xii.c0m.12.
1051 3125 1084 3188 in
1104 3149 1169 3212 quo

120 3210 250 3296 angelus
268 3210 355 3286 dicit,
370 3213 416 3275 Et
438 3234 523 3275 nunc
542 3211 667 3298 quando
681 3211 796 3274 orabas
816 3221 851 3275 tu
870 3220 900 3274 et
919 3212 1018 3289 Sura,
1040 3232 1099 3298 ego
1118 3212 1170 3275 ob-

119 3298 179 3360 tuli
194 3299 366 3362 orationem
382 3306 519 3362 vestram
532 3299 568 3360 in
582 3318 655 3361 cons
678 3306 746 3360 ectu
760 3297 905 3360 caritatis
919 3298 996 3361 Dei.

166 3382 249 3447 Ibid.
270 3382 292 3446 l.
310 3401 360 3465 27.
384 3382 548 3447 sublimius
565 3319 677 3470 elatisl)
685 3383 774 3446 Dum
793 3381 921 3446 alteram
945 3403 1055 3446 vocem
1075 3380 1166 3444 elatis

119 3468 261 3554 proxime
277 3483 469 3554 sequentem,
485 3483 522 3532 nt
541 3469 668 3534 minime
687 3467 900 3546 necessariam,
914 3467 1079 3532 delendam
1093 3489 1167 3530 cen-

121 3568 166 3617 set
181 3554 205 3616 J
207 3552 310 3630 unius,
327 3554 431 3618 malim
447 3577 506 3641 ego
520 3554 600 3619 hanc
614 3554 673 3619 hoc
688 3553 756 3618 loco
770 3553 940 3618 eliminare.

165 3641 204 3702 P.
222 3640 292 3702 108.
317 3638 403 3702 l.16.
425 3639 465 3703 de
488 3662 544 3703 sua
566 3663 641 3727 pace
663 3639 752 3704 fratri
775 3639 957 3737 transigere]
982 3635 1168 3725 Repetenda

120 3738 194 3788 sunt
208 3747 245 3787 ea
259 3723 299 3786 de
314 3724 543 3810 superioribus:
568 3724 755 3790 Christianae
769 3726 905 3790 caritatis
922 3723 1073 3789 beneficio
1088 3721 1167 3801 fieri,

122 3824 157 3874 ut
172 3809 212 3874 de
221 3809 393 3896 jejunantis
405 3810 583 3897 operatione
595 3811 708 3875 fratres
721 3811 815 3876 etiam
833 3834 893 3875 non
904 3811 1083 3899 jejunantes
1098 3831 1168 3894 par-

120 3896 259 3983 ticipent,
284 3914 385 3981 eoque
410 3897 560 3961 beneficio
585 3896 711 3977 adfecti,
735 3899 802 3984 jam
831 3897 969 3962 audeant
998 3893 1168 3981 transigere

120 4005 192 4047 curn
208 3982 383 4069 je'unante‚
395 3983 441 4047 ita
455 3996 492 4046 nt
506 4005 564 4069 pro
578 3984 806 4048 communicato
821 3983 934 4069 jejunii
952 3979 1064 4046 merito
1083 3980 1168 4066 pacis

119 4093 185 4217 {pre
211 4006 399 4134 Cirristianae
423 4068 555 4155 gratiam
584 4084 697 4134 mutua
723 4068 902 4156 pensatione
927 4065 1165 4132 communicent.

154 4176 270 4219 renen.

163 4243 201 4304 P.
221 4261 293 4328 109.
316 4240 336 4303 l.
348 4256 392 4336 5.Ι
405 4252 437 4305 et
453 4243 622 4328 reservato]
640 4239 741 4306 Variis
755 4239 795 4304 rle
809 4237 910 4304 causis
925 4251 1043 4303 veteres
1059 4235 1167 4302 Chris-
