2678 4830
151 321 216 387 266
530 324 562 387 S.
584 323 818 386 CYPRIANI

153 493 333 567 nuntiavit
350 507 386 567 et
404 493 544 567 cecinit.
591 494 640 567 Et
660 521 704 566 ne
723 494 928 592 inopinatus
948 522 1012 567 nos
1030 509 1065 568 et
1084 523 1206 570 novus

153 636 268 682 rerum
295 609 540 682 infestantium
563 623 680 683 metus
699 624 872 707 quateret,
891 611 1004 710 magis
1023 637 1063 683 ac
1084 613 1205 710 magis

154 726 190 797 in
218 725 419 798 novissimis
446 727 669 824 temporibus
696 727 841 799 adversa
867 729 1088 801 crebrescere
1116 741 1205 800 ante

153 842 381 942 praemonuit.
432 841 546 914 Fiunt
563 868 645 915 ecce
664 868 745 938 quae
764 844 859 915 dicta
878 858 981 929 sunt;
1001 857 1037 916 et
1053 844 1205 941 quando

153 960 246 1030 fiunt
264 983 344 1055 quae
362 970 445 1029 ante
462 957 633 1055 praedicta
651 971 746 1047 sunt,
763 972 956 1054 sequentur
973 973 1009 1031 et
1027 986 1233 1056 quoecun·5

153 1099 224 1171 que
249 1073 424 1172 promissa
452 1087 545 1158 sunt,
570 1074 734 1146 Domino
760 1074 840 1173 ipso
865 1076 1058 1173 pollicente
1084 1089 1122 1147 et
1148 1076 1205 1148 di-

4 1207 52 1256 us
64 1205 115 1254 xxi·
155 1202 278 1262 cente:
306 1190 398 1263 Com
416 1200 538 1263 autem
555 1190 721 1263 videritis
738 1189 811 1264 licor
827 1189 1057 1290 omniofieri,
1073 1193 1205 1264 scitote

153 1307 321 1404 quonium
338 1307 377 1380 in
389 1307 556 1404 proximo
574 1316 628 1379 est
644 1332 799 1405 regnum
818 1307 905 1380 Dei.

205 1423 255 1495 ll.
283 1423 454 1521 Regnum
481 1422 564 1513 Dei,
581 1422 704 1496 fratres
729 1422 964 1511 dilectissimi,
988 1450 1064 1496 esse
1087 1425 1205 1523 coepit

155 1540 192 1612 in
222 1541 400 1639 proximo,
464 1539 656 1613 Praemium
689 1540 771 1613 vitae
804 1553 840 1611 et
869 1538 1041 1637 gaudium
1076 1540 1255 1613 salutis10

156 1669 307 1745 aetemae,
334 1669 370 1729 et
399 1670 572 1755 perpetua
601 1656 736 1743 laetitia,
766 1669 803 1729 et
836 1656 1013 1756 possessio
1047 1655 1205 1755 paradisi

157 1798 272 1869 nuper
292 1771 433 1860 amissa,
451 1771 587 1844 mundo
610 1786 817 1845 transeunte
835 1773 913 1870 jam
931 1772 1100 1856 veniunt3
1121 1772 1203 1868 jam

157 1887 305 1960 terrenis
322 1886 484 1960 coelestia
501 1900 537 1960 et
560 1913 701 1985 magna,
719 1888 836 1986 parvis
854 1901 890 1960 et
907 1887 1050 1960 caducis
1069 1901 1204 1960 aetema

159 2002 368 2076 succedunt.
411 2002 503 2085 Quis
527 2003 587 2076 hic
610 2003 801 2076 anxietatis
812 1995 854 2076 ¹et
879 2002 1128 2076 sollicitudinis
1151 2004 1207 2075 lo-

158 2145 222 2192 cus
249 2118 324 2192 est?
368 2119 458 2201 Quis
484 2119 577 2192 inter
608 2119 687 2192 haec
712 2119 872 2219 trepidus
898 2132 934 2192 et
960 2133 1111 2192 moestus
1138 2133 1251 2209 est,15

159 2235 227 2308 nisi
246 2235 303 2308 cui
323 2262 403 2335 spes
420 2248 457 2308 et
473 2235 562 2308 fides
581 2235 703 2309 deest?
738 2235 828 2333 Ejus
850 2248 904 2308 est
928 2236 1023 2308 enim
1050 2249 1205 2309 mortem

159 2352 287 2425 timere
300 2351 362 2449 qui
382 2351 425 2425 ad
443 2352 630 2425 Christum
649 2352 740 2425 nolit
757 2353 818 2424 ire.
843 2351 933 2448 Ejus
947 2363 1001 2424 est
1018 2351 1064 2424 ad
1082 2352 1206 2425 Chris-

160 2480 239 2542 tum
262 2468 358 2541 nolle
382 2467 431 2541 ire
448 2468 510 2567 qui
535 2496 572 2541 se
598 2496 671 2541 non
696 2467 817 2542 credat
840 2495 922 2542 cum
947 2469 1094 2542 Christo
1115 2468 1206 2542 inci·

159 2611 244 2683 pere
270 2611 429 2682 regnare.
480 2585 663 2684 Scriptum
691 2599 746 2657 est
771 2585 868 2657 enirn
883 2585 1032 2684 justum
1043 2583 1130 2684 fide
1152 2586 1206 2659 vi-

160 2726 255 2774 vere.
296 2700 333 2773 Si
345 2701 468 2798 justus
486 2728 535 2790 es,
552 2714 588 2774 et
605 2701 676 2773 fide
693 2701 796 2790 vivis,
814 2701 842 2773 si
860 2727 941 2773 vere
963 2701 999 2773 in
1017 2700 1202 2775 Christum
1216 2734 1256 2771 20

161 2815 288 2904 credis,
306 2843 370 2888 cur
390 2843 462 2888 non
483 2842 569 2889 eum
589 2817 736 2890 Christo
757 2817 910 2907 futuruS,
929 2832 966 2891 et
986 2817 1030 2890 de
1053 2817 1205 2890 Domini

162 2930 422 3032 pollicitatione
440 2959 584 3004 securus
602 2933 699 3030 quod
714 2932 757 3006 ad
772 2933 957 3007 Christum
973 2934 1118 3023 voceris
1131 2960 1208 3005 um-

4 3075 72 3124 mm.
84 3073 101 3122 i.
163 3046 342 3147 plecteriS,
357 3062 394 3119 et
411 3046 506 3144 quod
521 3046 664 3120 diabolo
682 3075 800 3123 careas
815 3051 1020 3148 gratularis?
1046 3050 1206 3148 Symeon

164 3163 319 3263 denique
348 3162 408 3237 ille
431 3164 567 3262 justus·
590 3165 666 3263 qui
682 3192 764 3238 vere
788 3167 907 3263 justus
936 3167 1016 3256 fuit,
1043 3166 1104 3263 qui
1136 3164 1208 3236 fide

162 3283 270 3381 plena
294 3281 368 3355 Dei
394 3294 573 3382 praecepta
598 3282 759 3372 servavit,
785 3310 869 3356 cum
897 3283 929 3354 ei
957 3281 1128 3356 divinitus
1153 3308 1207 3353 re·
1219 3311 1254 3371 25

165 3424 340 3496 sponsum
368 3399 494 3471 fuisset
524 3398 623 3496 quod
653 3426 726 3471 non
758 3412 840 3472 ante
873 3411 1069 3478 moreretur
1098 3423 1206 3495 quam

165 3514 353 3586 Christum
379 3514 536 3602 vidisset,
562 3528 598 3588 et
623 3514 790 3588 Christus
817 3514 934 3587 infans
965 3514 1002 3586 in
1029 3514 1208 3612 templum

166 3656 251 3703 cum
275 3642 389 3701 matre
410 3631 576 3719 venisset,
594 3631 740 3728 agnovit
762 3632 800 3704 in
825 3632 953 3731 spiritu
978 3643 1105 3703 natum
1131 3656 1210 3702 esse

159 3746 239 3842 jam
257 3743 456 3834 Christum,
473 3744 518 3818 de
541 3772 614 3842 quo
637 3745 704 3817 sibi
729 3746 844 3821 fuerat
868 3760 950 3819 ante
973 3745 1208 3845 praedictum3

166 3891 239 3961 quo
256 3862 343 3947 visu,
362 3861 466 3935 scivit
483 3888 521 3933 se
541 3860 613 3933 cito
631 3888 707 3934 esse
725 3864 949 3936 moriturum.
1001 3862 1125 3935 Laetus
1144 3861 1210 3934 ita·
1220 3895 1260 3952 30

167 4006 237 4077 que
255 3978 299 4051 de
317 3989 432 4050 morte
443 3977 521 4072 jam
541 3977 718 4074 proxima,
731 3993 767 4052 et
784 3979 828 4051 de
847 3979 962 4051 vicina
980 3977 1211 4050 accersitione

168 4122 324 4184 securus,
352 4093 490 4191 accepit
521 4092 559 4166 in
590 4121 717 4167 manus
744 4121 907 4194 puerum,
933 4107 969 4167 et
997 4095 1211 4168 benedicens

6 4216 66 4266 1¹¹1ss
79 4215 104 4263 1³·
167 4211 370 4284 Dominum
396 4210 612 4284 exclamavit
635 4223 671 4283 et
695 4211 808 4284 dixit:
827 4210 937 4286 Nunc
960 4210 1115 4283 dimittis
1136 4235 1213 4282 ser·-
