2678 4830
121 677 194 750 EX
217 674 564 751 PRAEFATIONE
588 674 790 747 THOMAE
810 670 1012 758 SMITHI,
1028 672 1074 747 V.
1086 672 1154 747 01..

383 875 429 934 IN
449 876 479 932 S.
495 874 651 934 IGNATII
672 872 900 940 EPlSTOLAS.

345 1052 475 1104 OXONII
503 1053 635 1104 EDITAS
661 1052 764 1104 ANNO
788 1052 936 1103 Muccun

502 1267 782 1320 ...ᾳ-..-

120 1427 417 1538 Errsromm
439 1473 471 1536 s.
485 1470 651 1560 polycarpi
666 1469 708 1535 ac
726 1468 953 1558 Philippenses,
968 1469 1023 1536 cui
1040 1468 1093 1535 iu.
1105 1493 1181 1558 Μ

121 1576 289 1639 nuinnrum
319 1577 353 1638 S.
376 1574 493 1660 Ignatii
525 1573 741 1662 Epistularum
775 1573 916 1662 syllogen
946 1574 1164 1661 subjunxerat,

121 1678 242 1767 primus
257 1679 369 1743 Graece
389 1679 503 1742 Petrus
518 1677 650 1742 Halloix
666 1680 699 1742 S.
710 1679 746 1742 J.
761 1701 801 1742 ex
814 1677 998 1766 apographo
1013 1677 1161 1743 Turriani
1213 1686 1216 1695 '

121 1783 163 1848 ad
176 1780 266 1846 illum
280 1804 300 1845 u
314 1779 491 1846 doctissimo
506 1781 584 1860 viro,
597 1784 621 1847 J
622 1782 720 1846 ncobo
738 1781 914 1862 Sirmondo,
929 1780 1164 1869 diligentissimo

121 1909 158 1950 ec
178 1883 355 1949 felicissimo
381 1883 604 1970 antiquitatum
629 1882 903 1949 ecclesiasticarum
932 1883 1163 1972 investigatae,

122 1986 300 2051 transmisso
313 1985 412 2051 edidit
426 1986 458 2049 in
469 1987 652 2052 Illustrinm
666 1988 817 2052 Eccleciae
832 1988 1044 2052 Orientalium
1055 1989 1165 2076 Scrip·
1176 2016 1205 2055 ιο

122 2101 224 2156 torum
250 2092 328 2155 Vitis
349 2099 379 2154 et
400 2091 617 2155 Documentis.
653 2090 769 2169 Duaci,
792 2093 886 2178 1633.
906 2104 982 2155 tom.
1000 2093 1028 2155 I.
1044 2115 1078 2179 p.
1088 2106 1165 2178 525.

123 2193 271 2260 Genuina
285 2208 368 2258 certe
382 2191 527 2280 Epistola
544 2207 602 2271 est,
617 2208 649 2258 et
663 2194 695 2259 in
710 2194 847 2259 maximo
863 2194 950 2282 apud
970 2194 1166 2260 Christianos

120 2298 294 2388 primorum
316 2295 492 2362 seculorum
513 2296 614 2383 pretio
634 2310 666 2362 et
687 2297 804 2362 honore
829 2298 948 2378 habita,
969 2297 1002 2362 in
1028 2322 1166 2386 quorum

122 2402 300 2468 solennibus
323 2398 528 2466 conventibus
552 2399 614 2488 legi
640 2400 768 2480 solebat,
794 2417 826 2466 et
851 2426 891 2466 ex
917 2427 981 2490 qua
1006 2403 1167 2469 Eusebius

121 2507 208 2587 dicit,
224 2506 304 2570 inter
319 2503 390 2581 alia,
406 2502 554 2591 quaedam
569 2502 745 2568 testimonia
762 2526 801 2568 ex
821 2505 918 2592 priori
934 2507 967 2571 S.
982 2505 1071 2570 Petri
1086 2505 1166 2594 Epi·
1177 2526 1206 2589 15

121 2609 200 2674 stola
221 2608 388 2695 desumpta
408 2631 485 2687 esse,
507 2606 594 2695 quod
616 2606 732 2694 legenti
758 2607 884 2672 abunde
905 2608 1059 2674 constabit
1070 2620 1084 2674 :¹
1109 2632 1168 2674 nec

121 2712 226 2776 minus
251 2710 460 2774 sanctissimus
483 2723 604 2797 martyr
625 2709 658 2772 in
682 2710 827 2798 Epistola
851 2714 884 2776 S.
902 2711 1073 2778 Clementis
1097 2714 1169 2779 Ro-

122 2812 207 2877 mani
221 2811 262 2876 ad
278 2811 458 2876 Corinthios
472 2827 613 2877 versatus
626 2813 703 2877 mihi
718 2813 855 2894 videtur,
870 2815 961 2903 cujus
974 2816 1071 2880 verbu
1085 2840 1168 2904 quo·

122 2940 185 3005 que
207 2937 420 3004 saepenumero
442 2915 561 2980 retinet.
596 2917 735 2981 Unicum
758 2917 837 2982 illud
862 2919 1021 3006 exemplar
1042 2919 1171 2985 videtur

121 3020 155 3084 in
178 3017 357 3084 Christiano
378 3017 452 3083 orbe
473 3018 578 3083 udhuc
601 3034 771 3107 repertum,
794 3045 859 3108 quo
881 3045 957 3086 usus
978 3035 1025 3086 est
1047 3023 1214 3091 Toni-20

122 3147 212 3200 enus,
234 3145 274 3186 ex
292 3145 358 3209 quo
379 3134 480 3186 cetera
500 3123 682 3210 apographa
703 3121 894 3190 derivantur.
938 3125 1070 3190 Utinam
1093 3149 1172 3192 vero

121 3227 176 3292 illa
194 3227 305 3291 Graece
322 3222 444 3311 integra
461 3223 646 3289 exstitisset!
682 3224 863 3290 Dolendum
883 3227 966 3292 enim
987 3240 1045 3306 est,
1060 3243 1171 3315 poste-

122 3332 235 3396 riorem
256 3342 389 3418 partem,
405 3351 478 3414 quae
496 3327 631 3393 eundem
651 3342 809 3394 auctorem
822 3329 915 3417 plane
929 3330 1035 3410 habet,
1048 3330 1094 3395 ibi
1110 3333 1170 3398 de-

122 3456 206 3497 esse:
231 3431 286 3497 sed
299 3430 425 3495 interim
440 3430 579 3494 versione
594 3430 690 3495 veteri
710 3432 826 3497 Latina
838 3433 975 3499 contenti
989 3457 1055 3498 esse
1068 3433 1171 3501 debe·

123 3560 203 3614 mus,
218 3534 317 3599 donec
336 3534 509 3622 perfectum
529 3534 688 3622 exemplar
706 3559 782 3601 cura
802 3536 979 3625 principum
994 3552 1026 3603 et
1045 3538 1170 3626 episco·
1182 3570 1216 3634 25

122 3663 235 3728 porum
250 3663 289 3703 ex
305 3637 430 3704 Graecia
443 3637 602 3725 procurari
615 3639 719 3726 possit.
751 3642 832 3705 Haec
849 3643 1014 3708 Smnnns.

158 4052 522 4118 DESCRIPSERAT
537 4068 569 4119 et
581 4054 727 4120 Andreas
743 4056 889 4121 Schottus
901 4080 940 4122 ex
951 4056 1057 4144 aliquo
1068 4060 1171 4125 veteri

123 4157 233 4235 MSto,
249 4179 310 4221 non
329 4179 369 4220 ex
387 4157 537 4222 Turriani
556 4158 651 4223 modo
673 4174 842 4224 memorato
862 4162 1054 4249 apographo,
1071 4163 1171 4252 Poly-
