2678 4830
377 285 572 395 eorm
596 328 822 392 HAERESIN
846 328 1009 392 Νοωπι.
1172 329 1211 395 τι

167 498 319 597 λάσσει,
339 506 451 607 καιρῷ
468 499 657 607 ὡρισμέιιω
675 500 760 602 παρ’
781 499 877 605 αὐτῷ
901 499 1048 597 μέλλων
1072 503 1211 579 ἀποκα-

167 625 327 708 λύπτειν.
367 626 475 728 Λέγει
498 624 538 704 δὲ
563 628 688 723 οὕτως,
710 627 778 705 Ἐκ
799 622 959 729 γαστρὸς
975 623 1047 730 πρὸ
1066 623 1212 734 ἑωσφό-

166 776 231 859 ’ρου
247 752 466 860 ἐξεγέννησά
483 787 541 832 σε.
1193 824 1197 829 ,

223 878 287 982 ιζ’.
319 879 513 983 Αάτάρκεις
539 879 643 958 αὗται
669 884 706 958 ai
734 881 923 984 μαρτυρίαι
948 888 1092 967 πιστοῖς
1119 872 1309 1100 ‹Diri-L

140 1013 265 1110 ςθειαν
293 1010 483 1086 ἀσκοῦσιν·
518 1011 551 1086 οἱ
579 1005 616 1084 δὲ
647 1006 795 1086 ἀπιστοι
824 1009 937 1086 οὐδενὶ
968 998 1212 1088 πιστεύουσιν.
1310 1030 1315 1037 “

170 1137 243 1213 Καὶ
259 1131 332 1238 γὰρ
349 1130 391 1213 τὸ
411 1139 560 1232 Πνεῦμα
577 1131 619 1212 τὸ
636 1129 739 1236 ἀγιον
757 1136 796 1212 ἐκ
813 1133 1013 1236 προσώπου
1030 1142 1102 1214 τῶν
1120 1138 1214 1216 ἀπο-

168 1258 315 1341 στόλων
333 1257 604 1364 διεμαρτύρατο,
625 1260 754 1361 λέγων·
786 1264 845 1339 καὶ
866 1262 920 1345 τίς
942 1262 1153 1341 ἐπίστευσεν
1170 1297 1216 1368 τῃ

170 1391 259 1494 ἀκοῇ
278 1388 405 1487 imin
436 1383 532 1466 ὥστε
548 1386 599 1487 μὴ
618 1386 803 1488 γενώμεθα
821 1387 984 1486 ἄπιστοι,
1004 1387 1141 1487 μήποτε
1159 1389 1216 1496 ἐφ’

170 1518 254 1615 ἡμῖν
271 1519 430 1619 τελεσθῇ
455 1511 497 1593 τὸ
522 1513 715 1617 εἰρημένον.
766 1512 1028 1614 Πιστεύσωμεν
1046 1515 1122 1611 οὖν,
1142 1548 1216 1613 μα·

126 1642 285 1746 ιοκάρισι
312 1643 481 1746 ἀδελφοὶ,
512 1638 603 1721 κατὰ
629 1640 695 1739 τὴν
721 1640 925 1744 παράδοσιν
954 1648 1025 1721 τῶν
1053 1638 1216 1723 ἀποστό-

171 1777 262 1866 λων,
283 1767 338 1848 θτι
357 1764 450 1852 Θεὸς
469 1765 589 1870 Λόγος
614 1769 675 1847 ἀπ’
696 1769 855 1871 οὐρανῶν
880 1773 1057 1868 κατῆλθεν
1082 1775 1130 1853 είς
1154 1767 1220 1869 τὴν

172 1895 277 1996 ἁγίαν
307 1894 486 1998 παρθένον
520 1896 682 1997 Μαρίαν,
713 1895 772 1973 ἵνα
799 1897 996 1998 σαρκωθεὶς
1024 1894 1069 2001 ἐξ
1094 1897 1217 1994 αὐτῆς,

135 2086 139 2093 .
171 2019 299 2116 λαβὼν
328 2019 366 2100 δὲ
394 2023 452 2101 καὶ
479 2018 604 2127 impin
635 2018 702 2120 τὴν
731 2023 973 2126 ἀνθρωπίνην,
1002 2020 1153 2124 λογικὴν
1181 2021 1220 2101 δὲ

172 2149 285 2249 λέγω,
319 2145 476 2250 γεγονῶς
506 2144 626 2227 πάντα
657 2148 730 2227 ὅσα
757 2150 857 2236 ἐστὶν
889 2147 1091 2252 ἅνθρωπος,
1123 2146 1221 2233 ἐκτὸς

125 2276 362 2380 Ιιὸἀμαρτίας,
383 2273 493 2380 σώσῃ
515 2271 578 2354 τὸν
599 2271 826 2372 πεπτωκότα,
848 2277 906 2354 καὶ
924 2276 1134 2381 ἀφθαρσίαν
1152 2277 1218 2354 ἀν·

173 2401 329 2505 θρώποις
344 2401 521 2508 παράσῃγ
545 2408 619 2486 τοῖς
643 2401 877 2483 πιστεύουσιν
895 2407 944 2485 είς
961 2398 1003 2480 τὸ
1022 2400 1136 2499 ὄνομα
1153 2401 1219 2480 αὖ·

174 2536 248 2607 τοῦ.
273 2579 277 2586 ·
299 2530 366 2608 Ἐν
389 2534 504 2609 πᾶσιν
526 2529 589 2608 οὖν
611 2528 853 2607 ἀποδέδεικται
871 2527 954 2627 ἡμῖν
971 2532 1036 2627 τῆς
1054 2528 1223 2627 ἀληθείας

175 2653 300 2757 λόγος,
327 2653 383 2734 ὅτι
410 2653 458 2739 εἷς
486 2657 585 2734 ἐστὶν
613 2656 633 2734 ὁ
660 2651 806 2758 Πατὴρ,
833 2653 875 2733 οὗ
901 2657 973 2763 (for.
996 2650 1044 2762 ᾧ)
1069 2653 1224 2758 πάρεστι

176 2779 310 2884 Λόγος,
338 2783 380 2860 δι’
401 2781 443 2861 οὗ
469 2780 515 2860 τά
539 2779 659 2861 πάντα
683 2782 861 2882 ἐποίησεν·
897 2779 938 2861 ἀν
960 2782 1120 2887 ὑστέροις
1141 2817 1220 2862 και-

178 2997 240 3042 tum
260 3005 295 3044 σο
316 2985 502 3062 praefinitum,
521 3004 588 3042 cum
609 2985 681 3042 illud
722 3003 810 3042 onem
824 2985 1033 3061 apostolorum,
1049 2983 1128 3059 quod
1144 2984 1224 3042 Deus

177 3067 358 3124 revelaturus
373 3077 427 3124 est.
450 3065 614 3124 asieenim
625 3066 679 3122 ait:
722 3066 853 3123 Verbum
879 3084 895 3122 e
918 3065 997 3123 eoelis
1020 3065 1172 3122 descendit
1192 3065 1225 3121 in

178 3145 227 3203 Εα
244 3155 322 3204 utero
340 3156 403 3204 ante
422 3147 583 3221 anferum
601 3147 683 3222 qenai
723 3158 854 3203 sanctam
867 3145 1020 3222 Virginem
1036 3145 1174 3209 Mariam,
1190 3156 1225 3201 ut

178 3235 214 3284 te.
724 3245 758 3284 ex
773 3246 808 3282 ea
821 3227 988 3282 incarnatus
1000 3236 1118 3299 sumpta
1128 3224 1226 3281 anime

218 3307 317 3365 XVII.
340 3307 494 3366 Sufficiunt
514 3310 578 3365 haee
599 3307 680 3365 testi·
722 3307 859 3370 humane,
877 3305 997 3361 rationis
1017 3304 1138 3379 inquam
1158 3322 1224 3379 par-

179 3388 278 3446 monia
290 3387 425 3447 fidelibus
440 3389 572 3446 veritatis
590 3387 681 3445 studi·
723 3387 821 3461 ticipe‚
846 3385 941 3442 factus
965 3384 1064 3441 omnia
1088 3403 1225 3459 quaecun·

179 3469 247 3534 osis,
268 3469 401 3526 infideles
422 3470 500 3526 enim
524 3469 598 3525 nulli
619 3486 681 3525 cre-
724 3486 781 3542 que
799 3467 888 3523 homo
907 3477 961 3530 est,
981 3475 1102 3540 excepto
1121 3484 1226 3541 pecce-

180 3549 264 3607 dunt.
286 3549 406 3607 Etenim
420 3549 545 3625 Spiritus
556 3549 683 3606 Sanctus
724 3560 765 3612 to,
784 3548 909 3604 salvaret
929 3546 1024 3603 Adam
1046 3546 1096 3621 qui
1115 3546 1228 3604 cecide-

180 3641 213 3686 ut
223 3639 356 3695 terreret,
365 3631 397 3686 in
406 3629 683 3705 personaapostolo-
722 3640 778 3691 rat,
794 3639 824 3685 et
837 3627 1087 3684 immortalitatem
1099 3627 1226 3688 Ῑιοαιὶοἰ-ι

179 3728 245 3766 rum
257 3716 380 3767 testatus
391 3722 448 3767 estz
469 3707 615 3775 bDomine,
625 3709 684 3785 quis
723 3710 778 3767 bus
792 3708 945 3786 largiretur
955 3708 1000 3772 iis,
1013 3707 1063 3782 qui
1074 3708 1228 3765 crederent

181 3790 298 3846 credidit
311 3791 417 3848 auditui
433 3791 552 3848 nostro?
572 3791 683 3858 Quam-
724 3789 755 3845 in
778 3788 898 3846 nomine
920 3792 990 3865 ejus.
1033 3788 1069 3844 In
1092 3788 1228 3846 omnibus

181 3871 283 3928 obrem
305 3889 344 3928 ne
366 3871 456 3928 simus
480 3870 622 3935 infideles,
647 3888 684 3926 ne
724 3870 814 3948 igitur
832 3869 1063 3926 demonstratum
1083 3880 1127 3925 est
1144 3868 1228 3926 nobis

183 3951 300 4024 quando
318 3951 349 4008 in
370 3951 465 4016 nobis,
481 3950 559 4026 quod
574 3950 684 4008 dictum
726 3950 849 4007 verbum
877 3949 1018 4015 veritatis,
1047 3948 1125 4023 quod
1153 3966 1228 4004 unus

182 4041 237 4096 est,
252 4031 419 4107 impleatur.
457 4031 618 4089 Credamus
632 4030 685 4108 igi-
728 4041 773 4088 est
786 4032 882 4095 Pater,
897 4035 979 4108 eujus
992 4030 1074 4087 adest
1086 4028 1227 4093 Verbum,

184 4121 240 4178 tur,
258 4111 372 4178 fratres,
393 4112 554 4170 secundum
574 4111 687 4168 traditi·
728 4130 781 4187 per
809 4111 885 4185 quod
918 4111 1017 4167 omnia
1042 4108 1121 4173 fecit,
1151 4107 1229 4182 quod

284 4274 298 4302 ν
316 4263 380 4312 ΡιοΙ.
393 4280 430 4312 ex.
442 4279 466 4324 3.
581 4265 596 4303 b
615 4263 680 4312 Erei.
692 4263 735 4310 liii.
752 4277 770 4311 1.
789 4263 846 4311 Joh.
859 4261 901 4309 xii.
914 4262 953 4322 38.
972 4262 1042 4309 Rem.
1054 4277 1078 4308 x.
1094 4259 1130 4308 ιο.

705 4365 725 4406 F
737 4365 760 4423 4
