2678 4830
288 306 319 369 S.
337 303 573 369 CYPRIANI
598 302 662 365 DE
686 303 809 366 ZELO
833 303 897 365 ΕΤ
922 303 1110 368 LIVORE.
1162 304 1226 366 305

178 504 264 551 rure
281 502 454 577 quaerens.
482 474 619 548 Circuit
641 475 700 547 ille
722 502 787 547 nos
812 475 982 573 singulos,
999 491 1035 548 et
1053 488 1224 573 tanquam

179 594 292 667 hostis
311 595 449 666 clausos
467 590 647 676 obsidens,
666 618 787 664 muros
805 592 980 689 explorat,
995 608 1031 664 et
1046 605 1163 666 tentat
1180 620 1225 664 an

178 709 224 782 sit
249 737 330 809 pars
359 709 478 805 aliqua
509 734 695 780 murorum
724 708 844 780 minus
876 709 1012 780 stabilis
1038 720 1075 780 et
1105 708 1225 781 minus

178 823 260 912 fida,
292 825 393 920 cujus
425 823 524 896 aditu
555 823 598 895 ad
631 823 799 896 interiora
829 836 1045 922 penetretur.
1111 823 1227 897 Offert

149 940 289 1029 5oculis
321 941 453 1013 formas
481 940 594 1012 illices
621 954 658 1012 et
686 940 809 1013 faciles
837 943 1050 1041 voluptates,
1076 953 1118 1014 ut
1147 941 1224 1014 visu

176 1054 336 1128 destruat
354 1057 568 1129 castitatem.
610 1056 727 1130 Aures
749 1085 813 1157 per
836 1085 965 1130 canora
990 1058 1127 1131 musica
1145 1070 1226 1130 ten-

176 1183 240 1259 tat,
259 1185 299 1244 ut
322 1172 400 1245 soni
421 1172 591 1245 dulcioris
615 1173 738 1246 auditu
758 1175 872 1248 solvat
889 1191 925 1247 et
943 1175 1084 1247 molliat
1101 1174 1225 1246 Chris-

175 1288 315 1361 tianum
334 1288 508 1387 vigorem.
559 1289 743 1388 Linguam
765 1291 928 1364 convicio
949 1303 1131 1390 provocat,
1149 1317 1225 1362 ma-

176 1430 263 1476 num
284 1404 421 1502 injuriis
440 1406 697 1479 lacessentibus
721 1407 766 1480 ad
787 1407 1023 1506 petulantiam
1044 1407 1150 1480 caedis
1171 1407 1225 1479 in-

131 1553 166 1591 10
177 1522 305 1621 stigat3
331 1536 373 1594 ut
390 1521 630 1596 fraudatorem
650 1525 767 1614 faciat,
785 1525 883 1598 lucra
900 1525 1052 1623 opponit
1069 1525 1223 1622 injusta3

175 1650 217 1709 ut
241 1637 399 1710 animam
426 1638 579 1736 pecunia
601 1639 732 1738 capiat,
752 1640 881 1738 ingerit
905 1640 1104 1738 perniciosa
1127 1666 1225 1713 com-

174 1755 329 1855 pendia;
357 1754 509 1826 honores
526 1767 684 1828 terrenos
703 1757 881 1855 promittit
905 1769 945 1829 ut
968 1757 1133 1830 coelestes
1151 1757 1225 1830 adi-

176 1885 273 1956 mat3
300 1884 456 1944 ostentat
473 1871 560 1944 falsa
578 1885 620 1943 ut
638 1899 718 1945 vera
736 1873 932 1972 subripiat3
953 1886 1090 1947 etcum
1110 1875 1224 1947 laten-

174 2003 229 2063 ter
251 2016 322 2061 non
348 2002 467 2088 potest
489 1989 622 2078 fallere,
639 2003 760 2064 exerte
784 2004 892 2088 atque
917 2003 1039 2089 aperte
1056 1990 1225 2081 minatur,

130 2121 345 2195 15terrorem
368 2106 524 2179 turbidae
547 2107 806 2206 persecutionis
827 2107 1021 2196 intentans,
1040 2105 1083 2179 ad
1102 2105 1225 2180 debel-

175 2224 300 2296 landos
325 2223 397 2296 Dei
422 2248 557 2306 scrv0s3
583 2221 764 2318 inquietus
788 2248 931 2319 semper
948 2235 984 2294 et
1007 2248 1150 2321 semper
1169 2223 1224 2296 in-

174 2341 298 2424 festus,
316 2340 353 2411 in
378 2364 465 2437 pace
491 2337 677 2428 subdolus,
699 2338 736 2409 in
762 2337 1009 2435 perseeutione
1033 2339 1222 2412 violentus.

175 2456 435 2544 Quamobrem,
452 2454 577 2527 fratres
596 2453 832 2542 dilectissimi,
850 2466 974 2527 contra
997 2481 1125 2527 omnes
1148 2455 1224 2528 dia·

176 2571 247 2644 boli
267 2572 322 2643 vel
340 2570 483 2644 fallaces
502 2571 648 2643 insidias
666 2571 724 2644 vel
748 2584 887 2668 apertas
912 2571 1027 2643 minas
1051 2585 1144 2644 stare
1161 2572 1222 2644 de·

128 2717 164 2755 20
174 2690 235 2761 bet
253 2688 448 2761 instructus
467 2688 609 2761 animus
627 2700 664 2760 et
686 2699 855 2775 armatus,
872 2700 947 2761 tam
967 2700 1111 2786 paratus
1130 2715 1224 2762 sem·

173 2830 238 2902 per
264 2804 307 2876 ad
334 2805 609 2905 repugnandum
638 2830 747 2900 quam
775 2803 900 2877 estad
933 2805 1220 2905 impugnandum

174 2947 315 3021 semper
333 2934 477 3020 paratus
495 2920 675 2994 inimicus.
721 2920 772 2994 Et
789 2921 960 3019 quoniam
979 2921 1223 3020 frequentiora

174 3050 259 3109 sunt
281 3037 353 3109 tela
376 3038 452 3135 ejus
473 3064 553 3136 quae
576 3038 728 3110 latenter
749 3038 940 3135 obrepunt,
959 3037 1146 3136 magisque
1163 3065 1223 3110 oc-

173 3153 271 3226 culta
287 3169 323 3227 et
341 3153 561 3227 clandestina
576 3152 750 3249 jaculatio
768 3180 841 3251 quo
859 3154 979 3229 minus
998 3155 1221 3254 perspicitur,

126 3298 160 3359 25
175 3267 244 3341 hoc
262 3281 299 3341 et
316 3269 459 3367 gravius
477 3282 514 3341 et
536 3267 693 3341 crebrius
718 3268 755 3339 in
773 3267 920 3341 vulnera
942 3282 1065 3341 nostra
1087 3296 1222 3368 grassa·

174 3400 241 3473 tur,
261 3384 305 3457 ad
325 3385 402 3458 lraec
420 3411 566 3483 quoque
589 3383 825 3483 intelligenda
843 3397 879 3457 et
902 3383 1115 3483 depellenda
1131 3384 1221 3484 vigi-

174 3502 290 3573 lemus
309 3527 353 3573 ex
373 3501 503 3598 quibus
522 3514 576 3574 est
595 3499 661 3572 zeli
681 3512 718 3572 et
735 3499 855 3573 livoris
874 3501 1023 3574 malum.
1064 3501 1172 3584 Quod
1190 3502 1219 3576 si
1236 3518 1244 3605 ²².

172 3618 253 3712 quis
279 3617 423 3716 penitus
449 3617 627 3716 inspiciat,
654 3616 812 3689 inveniet
836 3617 927 3690 nihil
955 3618 1070 3716 magis
1097 3614 1247 3703 Chris-³.

172 3732 272 3805 tiano
293 3733 506 3823 cavendum,
524 3725 619 3805 'nihil
647 3733 785 3806 cautius
813 3733 1089 3833 providendum,
1109 3761 1219 3832 quam
1244 3714 1250 3751 '¹

124 3881 163 3937 30
172 3876 218 3921 ne
236 3851 315 3948 quis
339 3850 472 3924 invidia
497 3863 534 3924 et
559 3851 669 3923 livore
692 3851 866 3951 capiatur,
890 3877 936 3923 ne
959 3851 1040 3949 quis
1063 3851 1219 3925 fallentis

172 3967 308 4040 inimici
328 3968 437 4041 coecis
458 3968 594 4064 laqueis
618 3968 836 4067 implicatus,
853 3967 942 4041 dum
961 3969 1039 4040 zelo
1056 3967 1165 4041 frater
1182 3968 1217 4041 in

172 4083 288 4156 fratris
306 4084 388 4157 odia
406 4085 635 4174 convertitur,
653 4084 773 4184 gladio
792 4111 856 4156 suo
875 4084 1015 4159 nescius
1035 4084 1109 4183 ipse
1128 4085 1220 4182 peri-

172 4214 302 4274 matur.
355 4201 464 4284 Quod
496 4215 536 4275 ut
566 4200 733 4300 colligere
761 4200 903 4300 plenius
930 4214 967 4274 et
995 4199 1218 4273 manifestius

684 4338 709 4381 x
