2678 4830
168 301 231 364 100
522 295 863 362 TERTULLIANI

168 466 338 543 claritatis
356 467 547 541 ediximus.
596 468 682 541 Hoc
699 479 875 564 quantum
895 465 939 538 sd
958 463 1107 563 gloriam
1128 465 1212 538 Dei.

167 584 340 682 Alioquin
358 598 536 680 quantum
554 582 598 657 ad
616 596 777 657 nostram
793 581 1005 681 petitionem
1024 607 1138 678 quum
1158 581 1214 653 di-

167 700 307 775 cimus:
335 697 594 798 Sanctificetur
610 707 869 786 nomentum,
892 697 1017 792 (Matt.
1035 695 1082 768 vi.
1096 698 1149 791 9.)
1176 696 1213 770 id

167 816 326 917 petimus
343 827 385 888 ut
402 815 646 888 sanctificetur
663 813 700 886 in
719 814 834 897 nobis,
852 811 913 910 qui
933 813 969 885 in
988 812 1050 884 illo
1067 839 1212 886 sumus:

167 932 275 1006 simul
293 945 330 1005 et
345 931 384 1002 in
401 929 539 1018 ceteris,
551 955 641 1026 quos
659 928 778 1001 adhuc
795 928 909 1026 gratia
924 927 996 1000 Dei
1015 941 1238 1026 exspectat,5

166 1057 209 1120 ut
230 1059 268 1120 et
290 1047 376 1119 huic
397 1059 579 1145 proecepto
596 1070 796 1143 pareamus,
813 1044 948 1117 orando
962 1069 1030 1140 pro
1048 1043 1213 1116 omnibus

167 1163 277 1236 etiam
289 1189 362 1260 pro
380 1161 540 1235 inimicis
556 1161 691 1234 nostris
713 1160 840 1257 (Mart.
857 1188 890 1234 v.
910 1160 1002 1253 44).
1050 1160 1211 1257 Ideoque

166 1302 340 1376 suspensa
357 1276 608 1350 enunciatione
624 1301 697 1347 non
715 1274 888 1362 dicentes,
905 1273 1155 1348 Sanctificetur
1171 1273 1210 1346 in

165 1392 282 1481 nobis,
299 1392 338 1466 in
354 1394 524 1467 omnibus
541 1391 708 1465 dicimus.

215 1507 427 1581 Secundum
452 1508 547 1581 hanc
569 1508 724 1580 formam
750 1505 1002 1603 subjungimus
1029 1529 1116 1578 amr
1140 1530 1259 1580 vo-10

96 1619 104 1636 ‘
165 1647 310 1696 sunaus
334 1648 411 1696 rus
438 1647 479 1695 nr
505 1645 625 1695 cmms
645 1646 692 1694 ss
715 1645 755 1694 m
778 1645 917 1707 Tenus,
936 1650 1008 1696 non
1026 1623 1123 1719 quod
1147 1625 1211 1697 ali-

165 1737 246 1837 quis
263 1738 425 1824 obsistat,
443 1737 637 1835 quominus
654 1738 820 1810 voluntas
842 1736 915 1810 Dei
933 1738 1008 1826 fiat,
1025 1751 1061 1810 et
1079 1739 1111 1811 ei
1130 1766 1209 1813 suc-

164 1879 305 1928 cessum
323 1852 518 1927 voluntatis
538 1879 609 1925 suae
628 1878 791 1937 oremus3
819 1852 882 1925 sed
904 1853 941 1925 in
960 1853 1128 1927 omnibus
1146 1882 1209 1953 pe-

163 1968 274 2045 timus
307 1969 384 2042 fieri
419 1969 641 2043 voluntatem
676 1969 763 2064 ejus.
824 1967 884 2041 Ex
915 1969 1207 2068 interpretatione

162 2085 263 2159 enim
281 2087 434 2184 figurata
457 2084 573 2158 camis
595 2095 632 2156 et
656 2083 812 2182 spiritus,
835 2111 900 2157 nos
922 2112 1047 2159 sumus
1070 2087 1205 2159 coelum
1220 2113 1254 2174 15

162 2212 199 2275 et
214 2212 318 2276 terra.
352 2202 586 2300 Quamquam
600 2212 636 2273 et
654 2199 683 2271 si
702 2200 913 2299 simpliciter
930 2200 1206 2300 intelligendum

161 2330 228 2408 est,
244 2317 342 2390 idem
368 2329 493 2392 tamen
518 2329 574 2389 est
601 2342 724 2389 sensus
753 2315 949 2416 petitionis,
971 2328 1012 2389 ut
1038 2317 1073 2390 in
1101 2319 1205 2391 nobis

160 2436 225 2508 fiat
241 2436 406 2508 voluntas
428 2432 501 2506 Dei
524 2432 560 2505 in
585 2432 699 2522 terris,
715 2444 757 2505 ut
778 2431 893 2530 possit
914 2431 1050 2506 scilicet
1071 2434 1148 2506 fieri
1169 2446 1206 2507 et

160 2551 198 2625 in
223 2551 337 2625 coelis.
389 2549 490 2633 Quid
514 2562 637 2624 autem
661 2547 764 2622 Deus
790 2548 879 2637 vult,
904 2574 1015 2646 quam
1041 2548 1205 2623 incedere

160 2693 225 2740 nos
256 2665 457 2739 secundum
485 2692 588 2739 suam
618 2664 870 2764 disciplinam?
916 2664 1077 2738 Petimus
1108 2693 1204 2764 ergo,
1216 2693 1253 2733 20

160 2781 399 2854 substantiam
422 2792 460 2852 et
482 2778 689 2853 facultatem
718 2780 912 2852 voluntatis
941 2807 1014 2855 suae
1044 2782 1225 2856 submina

160 2895 262 2968 istret
278 2895 395 2982 nobis,
412 2905 454 2965 ut
472 2893 559 2965 salvi
577 2894 689 2965 simus
710 2895 804 2966 etin
829 2895 931 2968 coelis
955 2911 992 2969 et
1018 2898 1057 2969 in
1083 2900 1202 2984 terris3

159 3011 245 3109 quia
266 3035 410 3083 summa
432 3021 487 3081 est
506 3008 702 3081 voluntatis
724 3007 813 3103 ejus,
833 3010 928 3081 salus
952 3036 1090 3099 eorum,
1112 3042 1202 3111 quos

158 3125 352 3226 adoptavit.
404 3124 472 3198 Est
488 3136 526 3198 et
541 3123 602 3197 illa
618 3122 691 3197 Dei
708 3124 872 3197 voluntas
891 3150 1001 3222 quam
1019 3126 1202 3205 Dominus

158 3241 421 3329 administravit
437 3240 676 3341 praedicando,
689 3240 880 3340 operando,
894 3239 1114 3314 sustinendo.
1141 3247 1203 3322 Sic
1214 3273 1229 3312 2
1232 3271 1248 3331 5

158 3356 257 3431 enim
282 3358 360 3456 ipse
382 3356 645 3456 pronunciavit,
668 3382 740 3429 non
763 3381 880 3445 suam,
903 3357 969 3430 sed
988 3358 1120 3433 Putris
1129 3359 1203 3461 fa·

159 3497 241 3545 cere
256 3499 295 3546 se
311 3473 535 3548 voluntatem
557 3474 631 3571 (Jo.
642 3473 688 3545 vi.
700 3472 801 3569 39.).4
818 3472 904 3547 Sine
921 3473 1033 3548 dubio
1051 3503 1133 3575 quae
1150 3478 1202 3551 fa-

157 3587 286 3675 ciebat,
304 3615 346 3661 ea
371 3602 473 3662 erant
494 3589 659 3662 voluntas
682 3589 808 3678 Patris,
831 3588 874 3662 ad
901 3616 984 3689 quae
1010 3619 1108 3666 nunc
1134 3621 1200 3667 nos

156 3701 258 3774 velut
274 3700 317 3774 ad
336 3703 554 3802 exemplaria
571 3729 818 3801 provocamur,
834 3718 877 3777 ut
893 3720 930 3779 et
951 3707 1200 3806 praedicemus,

157 3826 195 3889 et
206 3842 407 3916 operemur,
419 3832 456 3891 et
470 3818 709 3892 sustineamus
723 3819 768 3893 ad
784 3834 939 3894 mortem
954 3849 1079 3921 usque.
1107 3823 1199 3906 Quae
1209 3851 1248 3908 30

156 3946 198 4006 ut
211 3930 362 4033 implere
374 3934 554 4033 possimus
567 3949 724 4033 opusest
736 3936 807 4009 Dei
819 3938 1012 4011 voluntate.
1040 3939 1134 4011 Item
1146 3939 1200 4012 di-

156 4061 289 4139 centes,
302 4049 390 4123 Fiat
401 4049 570 4124 voluntas
583 4060 659 4140 tua,
672 4052 728 4124 vel
740 4079 784 4124 eo
797 4051 900 4125 nobis
915 4055 1006 4126 bene
1018 4066 1199 4154 optamus,

155 4164 251 4260 quod
269 4165 363 4238 nihil
387 4165 479 4251 mali>
499 4165 546 4238 sit
565 4166 605 4239 in
627 4166 699 4239 Dei
720 4168 916 4259 voluntate3
934 4169 1042 4243 etiam
1061 4171 1089 4243 si
1108 4171 1196 4269 quid
