2678 4830
126 303 169 363 aa
458 256 833 359 Annornrrouns

126 467 264 554 polytuS‚
279 467 332 529 τὸν
345 468 447 546 Λόγον
466 464 590 528 nomine
609 464 682 528 Filii
699 463 890 550 appellatum
906 486 970 526 esse
986 467 1033 527 διὸ
1048 465 1081 527 τὸ
1097 465 1169 544 μέλ-

125 562 192 617 λειν
207 554 297 616 αὐτὸν
311 550 463 632 γένεσθαι,
474 549 534 613 hoc
546 573 619 613 vero
633 550 700 614 loco
714 572 777 612 non
793 563 896 634 negat,
912 571 983 611 eum
999 564 1167 634 antequam

125 638 303 701 incarnatus
325 635 481 712 existeret,
496 634 622 698 omnino
643 635 738 698 fuisse
758 633 895 706 Filium3
920 633 974 696 sed
993 635 1168 720 perlectum

126 722 243 786 Filium
265 743 337 784 eum
360 720 456 784 fuisse
477 719 619 805 denegat.
666 720 737 782 Imo
757 743 851 806 supra
870 719 902 781 in
921 733 993 782 sect.
1010 719 1053 782 xi.
1069 743 1099 804 p.
1113 724 1166 783 62.

124 807 230 884 habet,
243 809 339 872 Οὗτος
353 809 386 870 ὸέ
401 811 478 882 νοῦς,
491 805 523 872 ὸς
536 809 652 887 προβὰς
668 807 701 868 ἐν
716 807 815 890 κόσμῳ
831 806 977 867 ἐδείκνυτο
992 811 1061 870 ταῖς
1074 810 1166 868 Θεοῦ.

126 895 277 958 Attamen
302 913 425 954 censere
448 889 573 954 videtur
599 889 806 976 Hippolytus,
827 891 908 951 Filii
929 888 1166 974 appellationem

123 977 237 1063 partim
258 1001 298 1040 ex
317 975 510 1062 processione
524 976 592 1061 ey'us
610 975 650 1038 ad
669 998 717 1038 res
736 973 924 1050 condendas,
939 974 1052 1058 partim
1068 998 1106 1038 ex
1121 975 1167 1037 in-

123 1063 300 1126 carnatione
313 1062 381 1147 ejus
395 1061 565 1124 derivatam
580 1084 656 1123 esse.
687 1060 802 1123 Itidem
819 1059 1033 1122 Tertullianus
1047 1060 1101 1136 ait,
1117 1061 1167 1123 fu-

123 1148 182 1211 isse
202 1162 336 1232 tempus,
359 1169 431 1209 cum
456 1145 556 1209 Filius
579 1168 640 1208 non
662 1145 723 1208 fuit
735 1170 745 1224 ;
769 1159 906 1208 statuens
930 1160 1032 1207 tamen
1059 1147 1166 1208 Deum

123 1254 186 1296 non
207 1233 275 1295 tum
296 1231 396 1294 solum
417 1231 523 1310 fuisse,
537 1231 589 1294 sed
608 1229 753 1293 habuisse
767 1230 797 1292 in
814 1229 979 1315 semetipso
994 1252 1165 1294 sermonem

124 1317 164 1381 de
184 1316 357 1381 substantia
376 1316 489 1380 Patris.
522 1315 640 1380 Confer
655 1313 790 1378 Tertull.
806 1316 905 1379 Adue.
920 1317 1165 1400 Hermogenem,

123 1426 190 1489 cap.
206 1423 238 1488 3.
260 1415 291 1466 et
306 1401 406 1465 Adue.
423 1403 595 1478 Pramum,
611 1422 701 1486 capp.
716 1420 748 1480 4.
764 1413 795 1463 et
809 1414 842 1483 5.
887 1399 1013 1498 Quippe
1037 1401 1166 1464 Tertul-

123 1487 235 1564 lianus,
253 1502 288 1551 ut
307 1487 402 1550 Bullo
418 1486 547 1571 placuit,
563 1485 768 1562 existimabat,
784 1485 836 1548 τὸν
854 1483 956 1566 Λόγον
975 1507 1005 1547 m
1027 1485 1086 1548 hoc
1105 1485 1165 1548 im·
1195 1567 1196 1570 Ἴ

123 1573 232 1658 primis
251 1571 367 1635 Filium
386 1572 448 1634 Dei
463 1571 623 1648 declarari,
638 1570 725 1656 quod
746 1592 817 1633 cum
838 1572 927 1632 Deus
947 1572 1041 1633 Pater
1055 1571 1165 1649 voluit,

124 1680 164 1720 ex
186 1657 255 1754 ipso
277 1656 468 1742 processerit,
491 1673 522 1720 et
546 1670 695 1741 tauquam
717 1678 757 1718 ex
780 1669 869 1718 utero
889 1669 1029 1740 paternae
1054 1655 1166 1719 mentis

123 1740 284 1826 prodierit,
296 1755 328 1804 et
341 1741 431 1826 quasi
445 1755 537 1804 natus
547 1740 642 1803 fuerit
657 1740 697 1803 ad
712 1739 890 1803 condendas
903 1755 1070 1803 creaturas.
1093 1741 1164 1805 l'id.

126 1828 188 1911 Op.
204 1825 304 1912 ejusd.
322 1849 354 1912 p.
366 1841 438 1912 235.
454 1824 504 1888 ed.
522 1825 620 1889 Grab.
636 1848 667 1911 p.
681 1843 754 1907 207.

168 1912 207 1974 P.
222 1913 241 1974 6
267 1961 274 1974 .
299 1910 318 1974 l.
339 1931 386 1987 11.
411 1911 459 1974 καὶ
473 1911 544 1995 ἥκω]
567 1913 686 1973 Extare
700 1909 759 1973 hoc
774 1909 1021 1973 additamentum
1035 1907 1069 1971 in
1084 1909 1162 1972 duo-

123 1995 184 2058 bus
198 1933 291 2058 codd.
307 1994 439 2081 scriptis,
455 1995 534 2059 sicut
551 1994 709 2058 invenitur
722 1995 809 2080 apud
826 1995 1097 2079 Chrysostomum,
1113 2018 1163 2057 os-

125 2080 259 2143 tendunt
283 2081 356 2143 Var.
385 2081 489 2143 Lectt.
516 2081 605 2143 Test.
635 2078 719 2142 Novi
748 2079 1009 2143 Griesbachiauae.
1065 2080 1166 2142 Porro

124 2164 272 2250 scriptum
288 2188 353 2228 esse
372 2164 404 2226 in
424 2163 531 2228 multis
545 2164 714 2242 codicibus,
729 2163 888 2249 quomodo
901 2163 987 2249 apud
1003 2164 1164 2251 Hippoly-

124 2263 203 2326 tum,
217 2252 249 2313 ἐκ
261 2255 312 2313 τοῦ
326 2250 445 2330 Ποτρὸς
459 2272 517 2336 pro
531 2248 661 2312 lectione
675 2262 800 2335 recepta
813 2252 893 2330 παρὸ
907 2253 959 2311 τοῦ
974 2249 1093 2330 Ποτρὸς
1107 2273 1165 2312 eae-

123 2334 194 2397 dem
211 2336 314 2399 Lectt.
330 2335 472 2420 probant.

167 2419 250 2483 Ibid.
266 2419 287 2483 l.
305 2440 353 2504 13.
378 2419 446 2483 ἀλλ’
460 2418 478 2498 ἢ
494 2422 630 2504 Πνεῦμα]
650 2418 767 2482 Divina
778 2418 895 2482 Christi
910 2431 1032 2495 natura,
1045 2418 1092 2482 uti
1105 2433 1164 2498 est,

122 2503 168 2567 ita
183 2503 295 2590 passim
317 2505 408 2569 etiam
430 2504 545 2569 dicitur
565 2504 700 2589 Spiritus
721 2502 858 2588 antiquis
879 2502 1013 2566 ecclesiae
1025 2503 1168 2585 doctori,

122 2589 183 2652 bus
207 2593 255 2652 διὸ
280 2589 314 2652 τὸ
339 2590 562 2672 ἀσχημάτιστον
585 2603 621 2654 ut
643 2589 783 2674 loquitur
806 2587 936 2651 Proclus
960 2589 1164 2652 CPolitanus.

123 2673 203 2736 Vide
219 2676 389 2759 Hugonem
407 2675 554 2738 Grotium
571 2674 610 2737 ad
628 2673 731 2736 Marci
745 2697 813 2759 cap.
827 2672 859 2736 ii.
875 2695 954 2735 vers.
967 2675 996 2736 8.
1022 2675 1131 2738 Facu.

167 2757 252 2820 Ibid.
275 2760 305 2820 τί
317 2759 351 2821 ὸέ
365 2761 448 2820 ἐστιν
462 2758 506 2834 τὸ,
524 2760 661 2842 ἐξῆλθον]
682 2761 756 2822 For.
772 2761 803 2821 τί
815 2757 848 2821 δέ
863 2760 957 2832 ἐστιν,
973 2757 990 2820 ὸ
1006 2759 1139 2836 ἐξῆλθεν.

168 2843 206 2904 Ρ.
222 2857 273 2921 7ο.
298 2841 319 2904 Ι.
339 2861 388 2924 13.
412 2843 631 2906 ἀποκαλύπτειν
645 2843 767 2921 μέλλον
781 2840 861 2926 τότε]
882 2845 936 2905 An
951 2841 1073 2927 legend.
1090 2869 1164 2907 ποτε

122 2926 166 2988 ali
230 2925 312 2988 redo?

166 2947 270 3092 ilion
285 3008 307 3071 l.
324 3011 369 3072 18.
393 3011 427 3073 οὗ
441 3010 566 3092 πάρεστι
580 3010 690 3096 Λόγος]
710 3012 828 3075 Melius
843 3011 967 3074 videtur
981 3010 1003 3096 ql
1019 3039 1050 3077 π,
1069 3019 1105 3077 Λ.

166 3096 204 3158 P.
219 3109 269 3176 72.
286 3093 307 3159 l.
324 3116 350 3158 1.
375 3096 469 3161 καθὼς
484 3098 607 3175 εἴπαμεν
622 3097 769 3181 ἀνωτέρω]
790 3100 891 3181 Capp.
911 3117 960 3159 10.
976 3113 1007 3160 et
1025 3118 1075 3163 12.

166 3179 240 3243 Ibid
254 3179 274 3242 l.
289 3199 321 3262 9.
342 3179 421 3246 Θεὸς
436 3181 469 3242 ἐν
484 3182 596 3259 σώματι
612 3184 796 3264 ἐφανερώθη]
816 3183 934 3244 Utrum
950 3181 1000 3244 hic
1015 3183 1163 3246 afferatur

121 3265 252 3350 apostoli
273 3264 350 3329 illud
368 3265 400 3327 in
416 3267 526 3351 priori
542 3267 689 3352 Epistola
709 3267 752 3329 ad
771 3269 808 3330 S.
825 3267 1034 3343 Timotheum,
1049 3267 1093 3329 iii.
1112 3271 1161 3330 16.

122 3351 202 3417 Θεὸς
217 3353 389 3433 ἐφανερώθη
405 3352 438 3413 ἐν
453 3351 550 3430 σαρκὶ,
566 3351 669 3414 adhuc
684 3351 721 3414 lis
735 3366 790 3414 est.
818 3353 870 3413 De
884 3351 992 3413 eadem
1007 3374 1041 3414 re
1055 3375 1160 3437 agens,

121 3434 188 3498 haec
210 3449 257 3497 est
279 3434 449 3498 incarnatio
472 3434 600 3512 Christi,
624 3435 821 3521 Hippolytus
842 3436 873 3498 in
896 3435 956 3499 alio
981 3459 1017 3499 ac
1040 3435 1162 3499 diverso

120 3541 214 3604 opere
229 3519 363 3604 scripsit,
380 3521 485 3594 Οὗτος,
501 3522 517 3581 ὁ
532 3521 687 3600 προελθὸν
702 3523 743 3586 εἰς
756 3520 809 3583 τὸν
824 3518 936 3599 κόσμον
952 3521 1030 3586 Θεὸς
1045 3521 1093 3584 καὶ
1108 3523 1160 3584 ἄν·

121 3607 235 3682 θρώπος
250 3604 431 3684 ἐφανερώθη.
461 3604 566 3665 Locus
581 3617 666 3668 extat
680 3604 766 3688 apud
782 3605 1017 3668 Theodoretum
1033 3603 1064 3666 in
1079 3607 1162 3667 Dia-

120 3687 192 3772 logo
208 3685 239 3747 ii.
254 3709 286 3782 p.
305 3706 376 3770 132.
392 3687 466 3750 edit.
487 3687 629 3750 Schulze.
676 3691 760 3752 Eum
776 3712 850 3752 vero
865 3690 975 3752 afferre
989 3711 1051 3751 non
1067 3688 1161 3752 debe·

120 3771 174 3832 bat
195 3770 427 3847 Grersbachius‚
444 3786 590 3856 tanquam
615 3796 686 3836 cum
709 3774 767 3837 hoc
789 3774 886 3837 altero
905 3772 1075 3859 Hippolyti
1094 3773 1161 3837 loco

120 3854 216 3918 verbo
236 3867 327 3917 tenus
348 3855 584 3940 discrepantem,
600 3856 633 3919 iu
653 3881 717 3942 quo
736 3858 910 3944 apostolum
933 3857 1047 3921 adduci
1070 3859 1160 3921 multi

120 3953 258 4088 gensenm
275 3938 307 4000 id
323 3939 410 4023 quod
423 3940 541 4002 facturn
556 3941 588 4003 in
601 3941 730 4005 verbisa
740 3944 941 4007 Theodoreto
955 3941 1055 4006 allatis
1071 3966 1161 4006 nemo

142 4025 250 4087 ixerat.

164 4108 248 4171 Ibid.
265 4107 284 4170 l.
301 4127 348 4171 10.
373 4113 447 4174 κατὰ
467 4114 637 4191 φαντασίαν
658 4111 676 4190 ἢ
699 4112 822 4194 τροπὴν]
843 4111 1008 4175 Adversus
1028 4111 1160 4175 haeresin

122 4193 323 4274 Docetarum,
337 4216 410 4279 quae
433 4192 578 4258 latissime
600 4211 753 4282 serpserat
773 4209 971 4282 propugnata
992 4219 1011 4258 a
1034 4196 1159 4283 Simone
