2678 4830
372 313 663 378 HAERETICOS
687 313 935 379 LIBELLUS.
1115 315 1177 381 163

133 485 282 560 Hebion
308 484 388 572 filit,
414 484 589 558 Cerintho
614 511 686 557 non
713 485 751 557 in
778 485 877 557 omni
903 497 1004 584 parte
1027 512 1177 559 consen-

90 647 94 651 *
128 603 234 692 tiens,
250 601 349 700 quod
374 627 396 673 a
421 601 504 674 Deo
529 599 627 674 dicat
652 601 843 691 mundum,
865 628 938 674 non
966 603 1012 675 ab
1039 603 1176 701 angelis

128 720 283 803 factum3
300 731 337 791 et
349 716 434 815 quia
452 717 626 816 scriptum
639 717 701 790 sit:
719 716 838 790 Nemo
851 717 1051 815 discipulus
1066 740 1319 816 superantem.

128 836 360 939 magistrum,
376 859 444 907 nec
459 858 587 907 sonus
602 856 716 929 super
731 832 944 924 Dominum,
961 834 1080 934 legem
1098 861 1176 909 esso

100 951 230 1054 5(scr.
247 949 509 1024 observandam
527 974 614 1037 esse,
633 949 705 1022 vid.
723 950 862 1044 nolum)
882 949 1062 1049 proponit,
1080 950 1176 1026 scili-

126 1081 187 1142 cet
215 1066 259 1141 ad
288 1064 555 1140 excludendum
586 1063 825 1160 evangelium,
851 1076 887 1136 et
915 1062 1174 1138 vindicandum

125 1184 152 1258 J
155 1182 369 1257 udaisrnum.

175 1298 392 1373 Valentinus
413 1308 534 1369 autem
555 1294 742 1369 haereticus
760 1295 892 1367 multas
909 1295 1106 1370 introducit
1121 1296 1173 1370 fa·
1216 1309 1299 1360 CAP-

126 1415 229 1488 bulas
235 1446 246 1501 ;
264 1414 329 1488 has
347 1439 415 1512 ego
432 1409 693 1485 circumcidens
710 1409 865 1483 breviter
881 1409 1084 1509 expediam.
1111 1410 1173 1484 In·
1241 1375 1273 1425 ν’

80 1529 283 1605 retroducit
306 1529 404 1602 enim
431 1528 594 1627 pleroma
616 1539 653 1599 et
668 1526 806 1598 AEones
829 1524 995 1625 triginta:
1023 1527 1172 1625 exponit

124 1657 245 1719 autem
271 1645 336 1717 hos
359 1670 424 1745 per
446 1641 624 1743 syzygias,
641 1640 677 1714 id
696 1654 761 1732 est,
778 1640 1048 1740 conjugationes
1066 1668 1172 1741 quas·

124 1759 221 1834 dam.
271 1759 371 1833 Nam
394 1758 483 1832 dicit
506 1758 542 1830 in
565 1756 703 1857 primis,
725 1783 803 1830 esse
828 1757 981 1857 Bython
1004 1771 1041 1831 et
1064 1759 1171 1833 silen-

123 1875 240 1961 tium;
267 1901 311 1948 ex
335 1874 391 1947 his
415 1874 628 1974 processisse
648 1899 783 1963 semen,
803 1886 975 1962 mentem,
991 1885 1029 1946 et
1045 1875 1172 1949 verita-

123 2004 221 2078 tem;
247 2017 294 2065 ex
317 1991 450 2090 quibus
468 1989 627 2089 erupisse
643 1990 792 2061 verbum
812 2001 849 2062 et
865 1989 1002 2062 vitam:
1029 1988 1074 2062 de
1091 1991 1172 2088 qui·

79 2108 191 2195 15bus
211 2119 358 2181 'rursum
385 2120 544 2179 creatum
573 2103 759 2177 hominem
786 2116 823 2176 et
848 2103 1047 2177 ecclesiam.
1098 2105 1170 2179 Sed

123 2224 220 2297 enim
234 2248 280 2295 ex
293 2223 349 2296 his
363 2247 507 2321 quoque
520 2219 733 2320 processisse
745 2219 938 2294 duodecim
951 2221 1108 2306 AEonas;
1125 2220 1171 2294 de

123 2365 286 2413 sermone
298 2352 419 2412 autem
433 2350 470 2411 et
482 2336 713 2425 vita‚AEonas
728 2338 816 2411 alios
831 2336 971 2411 decem:
987 2337 1080 2411 hanc
1093 2365 1171 2411 esse

121 2456 285 2528 AEonum
314 2452 547 2543 triacontada,
573 2478 654 2549 quae
680 2454 723 2526 fit
753 2453 790 2525 in
815 2453 1014 2553 pleromate
1039 2479 1085 2526 ex
1108 2481 1171 2552 og-

122 2570 249 2660 doade,
266 2582 303 2643 et
320 2567 465 2657 decade,
483 2594 524 2642 ac
542 2565 760 2641 duodecade.
790 2568 1029 2641 Tricesimum
1049 2582 1169 2642 autem

76 2685 299 2775 20AE0num,
312 2684 465 2786 Bython
486 2684 590 2756 illum
608 2679 729 2754 videre
745 2683 912 2772 voluisse,
927 2697 965 2756 et
981 2683 1027 2756 ad
1045 2682 1170 2756 viden-

121 2799 209 2873 dum
233 2799 336 2873 illurn
360 2825 487 2872 ausum
509 2824 587 2871 esse
604 2797 640 2870 in
660 2799 842 2898 superiora
859 2799 1067 2898 pleromatis
1085 2826 1171 2874 con·

123 2914 302 2988 scendere.
353 2915 404 2988 Et
421 2914 591 3012 quoniam
612 2913 657 2987 ad
676 2912 964 3012 magnitudinem
990 2914 1101 3015 ipsius
1118 2917 1171 2989 vi·

122 3029 278 3102 dendam
297 3055 411 3129 capax
436 3028 607 3120 nonfuit,
626 3030 664 3103 in
680 3027 919 3103 defectionem
940 3028 1036 3131 (for.
1052 3031 1171 3106 defec-

121 3145 235 3240 tione)
270 3144 392 3233 fuisse,
418 3156 455 3216 et
485 3170 595 3243 poene
624 3144 839 3219 dissolutum
870 3173 958 3231 esse,
985 3146 1055 3219 nisi
1084 3148 1169 3245 quia

75 3283 111 3344 25
123 3259 252 3331 missus
277 3257 321 3330 ad
345 3257 669 3333 constabiliendum
695 3261 798 3333 illum
822 3261 893 3349 ille,
912 3287 1022 3359 quem
1046 3262 1169 3360 appel-

122 3374 198 3446 lant
215 3374 358 3462 Horon,
372 3374 621 3448 confirmasset
638 3376 740 3448 illum
759 3376 857 3452 dicto
870 3377 896 3450 J
899 3403 963 3460 ao;
983 3376 1052 3449 boc
1070 3375 1167 3479 (for.

122 3492 276 3590 deleud.)
303 3494 549 3592 pronuntiatio
575 3493 743 3594 appellat.
794 3492 912 3566 Istum
940 3506 1060 3565 autem
1078 3492 1169 3567 AEo-

120 3634 204 3680 nem
225 3609 262 3680 in
280 3608 518 3682 defectionem
540 3608 639 3710 (sor.
653 3608 874 3706 defectione)
893 3608 1029 3682 factum
1049 3609 1171 3683 Acha-

122 3723 225 3796 moth
253 3723 340 3797 dicit
361 3728 399 3795 in
426 3725 653 3823 passionibus
676 3723 841 3799 desiderii
868 3725 1085 3822 quibusdam
1112 3727 1169 3800 fu-

73 3865 112 3921 30
122 3836 201 3928 isse,
219 3852 256 3910 et
282 3864 326 3911 ex
353 3840 580 3938 passionibus
606 3840 774 3917 materias
797 3840 961 3914 edidisse.
1012 3841 1172 3941 Expavit

120 3955 230 4046 enim,
253 3955 382 4052 inquit,
400 3969 436 4029 et
460 3955 641 4043 extimuit,
665 3970 702 4029 et
724 3956 956 4030 contristatus
979 3971 1044 4047 est,
1065 3971 1101 4030 et
1124 3983 1169 4030 ex

121 4070 176 4142 his
200 4071 426 4170 passionibus
445 4071 613 4170 concepit
630 4085 667 4144 et
689 4071 812 4145 edidit.
864 4072 966 4147 Hinc
988 4073 1073 4146 fecit
1096 4097 1171 4146 coe-

121 4185 253 4260 lomet
276 4199 407 4260 terram
428 4200 466 4260 et
489 4213 598 4274 mare,
617 4199 655 4260 et
676 4187 799 4262 omnia
822 4213 1061 4286 quaecumque
1085 4203 1170 4262 sunt

615 4333 674 4378 ua
