2678 4830
289 587 338 687 S.
368 584 663 688 CAECILII
699 585 1052 689 CYPRIANI

619 825 725 869 LIBER

202 977 284 1059 DE
314 973 761 1075 MORTALITATE,
785 977 917 1060 SIVE
947 977 1142 1061 PESTE.

532 1217 821 1271 ‚—-0--

151 1367 339 1481 LETsl
363 1400 460 1499 apud
483 1401 659 1502 plurimos
675 1413 846 1490 vestrum,
863 1400 988 1474 fratres
1011 1401 1197 1475 dilectissi·
1262 1415 1269 1553 1

122 1519 213 1609 smi,
232 1545 334 1592 mens
358 1517 470 1591 solida
492 1530 604 1591 estet
626 1517 715 1590 fides
739 1520 843 1591 firma
861 1531 898 1591 et
921 1519 1041 1592 anima
1058 1519 1197 1608 devota,
1261 1561 1269 1607 ,ι

151 1661 232 1732 quae
253 1634 296 1709 ad
321 1635 505 1734 praesentis
525 1634 751 1707 mortalitatis
770 1634 912 1733 copiam
931 1662 1003 1707 non
1022 1648 1197 1724 movetur,
1256 1608 1261 1636 1

152 1750 213 1824 sed
234 1763 408 1848 tanquam
431 1763 533 1850 petra
553 1749 654 1823 fortis
672 1763 709 1822 et
733 1749 869 1823 stabilis
894 1749 1057 1823 turbidos
1083 1751 1199 1849 impe-
1253 1750 1259 1867 1

150 1879 208 1941 tus
226 1865 354 1941 mundi
373 1879 410 1938 et
425 1866 602 1939 violentos
621 1865 741 1939 saeculi
759 1867 891 1939 fluctus
911 1866 1045 1966 frangit
1066 1866 1255 1965 potius,
1246 1910 1253 1983 l

150 1983 228 2084 ipsa
245 2009 313 2057 nec
330 1982 517 2082 frangitur,
533 1995 571 2055 et
587 1982 847 2056 tentationibus
865 2009 940 2055 non
956 1982 1122 2073 vincitur,
1136 1981 1249 2069 sed

103 2101 343 2200 10probatur;
369 2113 492 2173 tamen
516 2098 601 2195 quia
626 2096 907 2172 animadverto
898 2124 935 2170 rn
960 2098 1066 2192 plebe
1091 2124 1250 2211 quos

150 2214 232 2288 dam
255 2216 311 2289 vel
334 2213 585 2287 imbecillitate
609 2212 733 2302 animi,
750 2212 806 2285 vel
829 2211 914 2284 fidei
935 2213 1123 2311 parvitate,
1142 2213 1253 2325 vel}

150 2329 342 2403 dulcedine
376 2327 553 2402 saecularis
588 2327 680 2417 vitae,
709 2329 765 2400 vel
796 2354 903 2400 sexus
934 2328 1099 2417 mollitie,
1130 2328 1248 2425 vel,g

150 2442 248 2542 quod
271 2442 341 2539 maj
345 2470 387 2515 us
408 2456 474 2533 est,
491 2443 649 2516 veritatis
672 2470 789 2517 errore
812 2444 932 2516 minus
951 2457 1043 2517 stare
1059 2398 1247 2517 fortiter-'²

151 2586 220 2633 nec
236 2559 391 2660 pectoris
411 2585 465 2632 sui
455 2558 646 2632 divinum
665 2572 773 2656 atque
795 2559 972 2633 invictum
991 2562 1100 2634 robur
1116 2587 1199 2634 exe·

107 2704 140 2768 15
152 2704 238 2767 rere,
254 2674 513 2751 dissimulanda
538 2701 593 2748 res
610 2702 683 2748 non
700 2675 771 2748 fuit
788 2703 856 2749 nec
872 2676 1023 2749 tacenda
1040 2704 1112 2775 quo
1129 2675 1199 2750 mi·
1246 2660 1258 2763 1

152 2821 231 2884 nus,
245 2805 421 2890 quantum
442 2803 563 2864 nostra
581 2791 813 2866 mediocritas
827 2791 1015 2866 sufficit
958 2819 1104 2892 ,vigore
1120 2796 1199 2894 ple·
1258 2802 1265 2866 ἰ

152 2937 199 2981 no
220 2922 256 2983 et
277 2935 441 2982 sermone
458 2908 503 2982 de
520 2908 716 2983 Dominica
733 2908 888 2983 lectione
912 2923 1088 3041 concepto
1111 2884 1268 3031 (11111

152 3038 241 3100 catae
261 3025 392 3097 mentis
410 3025 553 3125 ignavia
569 3024 843 3124 comprimatur,
860 3040 897 3100 et
914 3054 977 3124 qm
967 3026 1128 3126 homo
1124 3025 1211 3127 Dei
1251 3016 1262 3114 11

148 3154 188 3228 ¹et
210 3142 346 3214 Christi
371 3168 448 3214 esse
466 3141 547 3238 jain
574 3142 696 3240 coepit,
717 3143 800 3215 Deo
826 3155 862 3216 et
892 3119 1051 3217 Christo
1057 3111 1211 3242 dignus
1254 3128 1265 3243 11

104 3231 583 3355 (οἷῶἷαῖἶιῖᾌςηοεοθω
608 3259 704 3330 enirn
734 3285 771 3331 se
797 3259 916 3349 debet,
939 3259 1063 3333 fratres
1086 3258 1198 3333 dilec÷
1254 3244 1263 3320 1

151 3375 294 3464 tissimi,
311 3373 373 3472 qui
398 3373 482 3447 Deo
509 3373 652 3463 militat,
672 3373 735 3471 qui
761 3374 897 3473 positus
923 3374 960 3447 in
987 3375 1196 3449 coelestibus

151 3491 273 3565 castris
291 3490 412 3564 divina
423 3490 503 3586 jam
522 3502 656 3590 sperat3
674 3503 717 3563 ut
734 3489 777 3563 ad
796 3492 968 3588 procellas
983 3503 1019 3564 et
1036 3490 1197 3566 turbines

150 3606 277 3680 mundi
303 3606 494 3706 trepidatio
518 3606 618 3679 nulla
641 3606 686 3679 sit
710 3606 747 3678 in
771 3607 888 3697 nobis,
905 3608 1005 3681 nulla
1028 3608 1196 3695 turbatio,

151 3722 295 3818 quando
318 3722 397 3795 haec
413 3735 564 3795 ventura
584 3721 792 3821 praedixerit
811 3721 1016 3797 Dominus:
1039 3724 1197 3825 providae

104 3837 247 3916 asvocis
274 3838 417 3912 hortatu
444 3840 623 3912 instruens
647 3850 684 3911 et
706 3837 838 3912 docens
862 3856 899 3913 et
920 3867 1123 3942 proeparans
1144 3855 1197 3915 at·

151 3978 222 4047 que
249 3955 479 4027 corroborans
503 3954 662 4027 ecclesiae
684 3981 757 4026 suae
780 3957 956 4055 populum
981 3957 1025 4030 ad
1048 3984 1194 4030 ornnem

151 4067 378 4141 tolerantiam
396 4070 611 4160 futurorum,
629 4070 723 4144 bella
740 4084 777 4144 et
797 4072 910 4146 fames
933 4088 969 4146 et
992 4085 1093 4146 terrae
1117 4100 1195 4146 mo·

151 4197 208 4256 tus
232 4197 268 4257 et
293 4183 513 4283 pestilentias
535 4213 600 4285 per
624 4186 703 4260 loca
727 4187 868 4287 singula
892 4215 1081 4289 exsurgere
1106 4215 1196 4288 prce-
