2678 4830
389 322 586 387 CONTRA
609 322 836 388 HAERESIN
861 327 1021 391 NOETI.
1093 270 1096 275 Ι
1185 329 1229 400 69

181 525 270 576 πονε
289 493 557 601 φιλοστοργίᾳ)
577 494 838 594 ἀναλαμβάνει,
855 499 876 576 5
893 496 980 581 Υἱὸς
993 499 1223 598 καλούμενος.

181 620 278 698 Οὕιε
301 616 375 722 γὰρ
398 618 559 722 ἄσαρκος
578 621 636 699 καὶ
654 622 733 700 καθ
753 621 878 701 ἑαυτὸν
896 625 916 702 5
936 620 1070 725 Λόγος,
1091 624 1226 712 τέλειος

179 743 224 844 ἦν
240 744 343 842 Υἱὸς,
365 746 427 824 καί
441 779 497 824 τοι
514 745 647 831 τέλειος
666 744 787 849 Λῖνγος
808 745 858 828 ὧν
875 749 1084 851 μονογενὴς,
1105 754 1179 833 οὔθ
1199 755 1223 855 ἦ

178 871 280 979 σὰρξ
305 874 383 952 καθ’
407 871 534 972 ἑανιὴν
561 874 645 978 δίχα
672 883 735 954 τοῦ
764 873 887 977 Λόγου
913 878 1112 956 bromton
1133 879 1219 978 ἠδύ-

150 1033 278 1098 5νοιτο,
300 996 359 1079 διὰ
382 997 425 1080 τὸ
453 1001 490 1078 ἐν
516 997 626 1107 Λθγιρ
652 998 718 1100 τὴν
742 1000 928 1083 σύστασιν
953 1004 1056 1108 ἔχειν·
1097 1008 1224 1092 Οὕτως

177 1127 239 1224 οὖν
256 1125 306 1213 εἷς
323 1127 411 1211 Υἱὸς
427 1128 562 1213 τέλειος
580 1133 677 1208 Θεοῦ
695 1129 914 1237 ἐφανερώθη.

220 1251 281 1340 ις’.
304 1257 376 1334 Καὶ
389 1261 502 1334 ταῦτα
515 1251 580 1353 μὲν
592 1257 675 1358 περὶ
686 1256 906 1359 σαρκώσεως
918 1266 982 1337 τοῦ
998 1257 1119 1362 Λόγου
1132 1296 1221 1364 μαρ-

175 1381 289 1487 τύρια.
320 1383 420 1462 ἔστιν
438 1380 477 1461 δὲ
495 1385 554 1462 καὶ
572 1382 673 1487 ἕτερα
690 1390 861 1463 πλεῖστα.
886 1382 1038 1485 ”Ιδωμεν
1054 1384 1092 1466 δέ
1107 1391 1165 1468 καὶ
1180 1389 1222 1470 τὸ

169 1511 415 1614 προκείμενον.
455 1507 545 1589 Ὅτι
563 1509 689 1609 ὄντων,
711 1513 877 1617 ἀδελφοὶ,
899 1512 921 1611 ἡ
941 1511 1087 1615 δύναμις
1105 1515 1128 1614 ἡ
1146 1550 1219 1594 πα-

129 1676 165 1714 ιο
173 1643 284 1744 τρῷα,
301 1636 322 1716 5
340 1639 441 1717 ἐστιν
460 1634 599 1738 Λόγον,
618 1638 679 1716 ἀπ’
700 1639 850 1740 οὐρανοῦ
868 1643 1060 1738 και-ἦλθεν,
1082 1643 1141 1720 καὶ
1158 1642 1222 1723 οὐκ

173 1762 278 1849 αὐτὸς
291 1765 312 1843 5
326 1761 468 1867 Πατήρ.
492 1763 599 1865 Λέγει
610 1763 682 1868 γὰρ
695 1765 818 1849 οὕτως.
839 1764 939 1867 Ἐγὼ
951 1768 990 1845 ἐκ
1001 1775 1064 1846 τοῦ
1076 1766 1222 1873 Πατρός

169 1892 342 1998 ἐξῆλθον,
359 1893 418 1970 καὶ
436 1891 524 1991 ἥκω.
555 1893 607 1971 Τι’
622 1891 664 1970 δέ
673 1893 773 1970 ἐστιν
786 1889 843 1989 τὸ,
860 1892 1015 1998 ἐξῆλθον
1031 1894 1109 2002 (for.
1122 1893 1142 1974 5
1156 1895 1218 2002 ἐξ·

170 2017 306 2128 ἢλθεν)
322 2021 361 2099 ε’κ
378 2026 443 2099 τοῦ
462 2016 622 2123 Πατρὸς,
643 2020 729 2096 ἀλλ’
745 2017 768 2118 ἢ
787 2021 807 2098 5
827 2017 964 2121 libyen
996 2022 1048 2099 Τι’
1062 2019 1101 2100 δὲ
1118 2018 1160 2100 τὸ
1179 2022 1224 2129 ἐξ

170 2147 278 2226 wirot
294 2144 478 2250 γεννηθὲν,
499 2147 585 2224 ἀλλ’
604 2143 628 2246 ἢ
648 2151 810 2245 Πνεῦμα,
831 2147 1017 2226 τονιέστιν
1036 2150 1056 2226 5
1076 2146 1215 2249 Λόγος;

124 2305 158 2366 15
170 2275 278 2352 ’Λλλ’
299 2276 388 2379 ε’ρεῖς
408 2309 484 2374 μοι,
507 2280 595 2381 Πῶς
616 2273 849 2386 γεγέννηται;
880 2273 960 2375 Τὴν
980 2272 1047 2374 μὲν
1065 2275 1157 2354 κατοί
1174 2309 1219 2355 σε
1222 2296 1249 2499 s

1224 2502 1237 2581 i

170 2398 352 2502 διήγησιν,
373 2403 422 2486 ὡς
440 2401 641 2501 ἐγέννησαι,
663 2401 705 2478 οὐ
728 2397 815 2504 δυ’νῃ
838 2400 1004 2505 ἐξειπεῖν,
1026 2400 1140 2478 καίτοι
1156 2404 1220 2499 τῆς

169 2526 323 2628 ἑκάστης
339 2527 474 2631 ἡμέρας
491 2528 585 2629 ὁρῶν
602 2525 668 2625 τὴν
686 2525 779 2605 κατὰ
797 2525 987 2630 ἄνθρωπον
1002 2527 1129 2605 αἰτίαν·
1160 2530 1219 2607 καὶ
1235 2586 1238 2595 ·

168 2652 233 2754 τὴν
250 2658 333 2759 περὶ
349 2663 475 2735 τοῦτον
493 2653 694 2752 οἰκονομίαν
713 2655 869 2756 ἀκριβῶς
887 2653 1037 2758 ἐξειπεῖν
1051 2655 1092 2732 οὗ
1106 2653 1213 2734 δύνα-

168 2817 244 2862 σαι.
275 2784 317 2862 οὐ
341 2781 413 2886 γὰρ
438 2781 614 2884 πάρεστίν
639 2814 700 2859 σοι
723 2779 914 2880 γινώσκειν
935 2778 1001 2879 τὴν
1023 2783 1213 2881 τοῦδημι-

168 2994 248 3051 enim
269 2993 402 3052 Verbum
425 3010 479 3068 per
500 3011 532 3049 se
554 3004 584 3049 et
609 2992 672 3050 aine
713 2992 806 3048 virtus
820 2992 923 3056 Patris,
937 2990 1016 3066 quod
1031 3004 1075 3048 est
1085 2992 1216 3050 Verbum

167 3073 410 3150 oarneperfectua
421 3073 511 3130 Filius
520 3084 592 3139 erat,
604 3092 672 3130 cum
714 3072 779 3137 Dei,
795 3091 812 3130 e
833 3072 907 3130 coelo
926 3073 1088 3137 descendit,
1108 3085 1138 3131 et
1155 3093 1217 3132 non

166 3166 266 3212 tamen
293 3165 372 3212 earet
403 3153 568 3231 perfectum
595 3154 668 3210 Ver·
709 3153 772 3227 ipae
786 3154 881 3218 Pater,
897 3153 939 3210 sic
954 3153 1032 3210 enim
1047 3152 1105 3210 ait:
1128 3154 1216 3228 λΕρο

166 3234 247 3302 bum,
262 3235 441 3312 unigenitus.
480 3235 587 3309 Neque
602 3252 669 3292 earo
711 3252 743 3289 er
759 3232 848 3289 Patre
863 3234 944 3297 exivi,
964 3241 990 3288 et
1010 3233 1095 3288 venio.
1137 3233 1216 3300 Quid

100 3353 104 3359 -
165 3333 218 3391 per
243 3334 276 3374 ae
303 3317 367 3373 sine
379 3314 489 3372 ·Verbo
514 3315 670 3374 subsistere
712 3325 756 3370 est
767 3324 865 3370 autem
877 3313 955 3386 quod
967 3331 1001 3368 ex
1016 3313 1101 3368 Patre
1115 3312 1214 3378 exivit,

164 3396 416 3471 poterat,quiain
429 3395 530 3452 Verbo
543 3395 670 3453 habebat
711 3394 768 3450 nisi
788 3393 941 3450 Verbum?
971 3391 1049 3460 Quid
1071 3404 1116 3449 est
1136 3395 1215 3466 quod

163 3478 210 3547 τὴν
231 3477 374 3544 σύστασιν,
393 3476 425 3534 id
446 3486 500 3542 est,
522 3475 554 3532 in
570 3475 669 3532 Verbo
712 3492 747 3531 ex
760 3475 824 3549 ipso
838 3473 969 3550 genitum
986 3482 1031 3529 est
1048 3473 1105 3529 nisi
1124 3472 1214 3549 spiri-

163 3557 349 3616 tubaiatebat.
386 3556 519 3634 sicergo
532 3575 608 3614 unus
622 3555 669 3612 Fi·
711 3565 767 3621 tus‚
783 3554 813 3611 id
828 3565 882 3618 est,
892 3552 1041 3611 Verbum?
1063 3554 1114 3611 sed
1135 3555 1215 3614 dices

162 3638 219 3695 lius
241 3637 300 3696 Dei
322 3637 479 3714 perfeetum,
500 3636 668 3695 manifesta·
710 3635 800 3691 mihi:
829 3633 984 3702 Quomodo
1001 3634 1132 3711 genitum
1148 3636 1213 3694 est?

162 3728 210 3775 tua
223 3728 279 3776 est.
710 3715 944 3790 Explicationem
954 3715 1102 3790 quomodo
1116 3727 1150 3774 tu
1162 3735 1212 3794 ge·

201 3798 286 3856 XVI.
322 3799 422 3874 Atque
456 3798 519 3855 haeo
550 3797 669 3872 quidem
709 3796 788 3852 nitus
803 3814 844 3861 es,
860 3815 920 3852 non
933 3806 1017 3871 potes
1032 3814 1212 3870 expromere,

162 3890 230 3936 tunt
243 3878 281 3936 de
291 3879 494 3936 incarnatione
506 3878 598 3935 Verbi
609 3889 667 3935 tes·
709 3877 843 3953 quamvis
854 3876 984 3951 quotidie
998 3876 1080 3933 vides
1095 3895 1211 3934 caueam

161 3959 296 4026 timonio,
316 3970 347 4017 et
367 3959 424 4016 alia
444 3959 579 4035 plurima.
615 3958 666 4015 Vi·
707 3957 876 4023 humanam,
900 3969 930 4014 et
950 3957 1069 4015 modum
1090 3975 1211 4032 genera-

161 4039 282 4098 deamua
295 4058 376 4098 nune
391 4039 469 4115 quod
485 4039 666 4116 propositum
708 4039 796 4097 tionis
809 4057 871 4095 non
884 4049 968 4113 potes
985 4036 1115 4114 perfecte
1130 4036 1210 4092 effer-

159 4121 245 4180 nobis
268 4132 323 4188 eat,
347 4121 426 4197 quod
449 4139 529 4187 vere,
552 4120 665 4186 fratrea,
707 4139 748 4178 re.
771 4120 840 4176 Non
852 4119 931 4176 enim
940 4119 1010 4175 licet
1021 4117 1074 4174 tibi
1088 4134 1209 4192 cognos-

588 4266 603 4295 Β
619 4256 677 4305 Joh.
689 4255 737 4303 xvi.
753 4253 790 4302 28.

679 4355 733 4419 F3
