2678 4830
162 337 228 399 814
546 338 577 400 S.
594 337 830 401 CYPRIANI

44 576 52 591 ,
163 533 206 579 eo
231 506 328 604 quod
355 534 432 580 csse
456 507 534 603 jam
562 508 742 607 coepimus
769 508 904 582 Christi
936 509 1223 584 similitudinem

163 624 400 723 praebeamus.
445 624 530 698 Hoc
547 638 603 697 est
620 625 715 698 enim
737 641 894 699 mutasse.
913 625 1009 722 quod
1028 626 1164 712 fueras,
1183 640 1224 700 et

163 741 318 838 coepisse
335 740 522 839 essequod
542 768 615 814 non
633 768 721 830 eras,
735 756 777 815 ut
796 742 832 814 in
852 756 888 814 to
905 741 1025 814 divina
1043 743 1221 817 nativitas

164 855 293 946 luceat,
306 872 347 931 ut
361 857 404 931 ad
418 875 556 958 patrem
576 859 698 930 Deum
714 857 842 932 deifica
855 858 1046 958 disciplina
1064 887 1221 959 respon-

162 972 256 1059 deat,
280 987 322 1046 ut
348 973 481 1047 honore
507 988 543 1047 et
569 974 673 1046 laude
699 973 840 1049 vivendi
867 976 969 1048 Deus
997 974 1033 1047 in
1061 975 1217 1050 homine
1226 1005 1244 1067 5

162 1090 344 1180 clarescat,
361 1091 439 1190 ipso
463 1091 676 1164 exhortante
699 1105 736 1164 ct
760 1105 929 1164 monente
951 1105 987 1164 et
1010 1092 1061 1164 eis
1085 1093 1149 1189 qui
1176 1122 1217 1166 se

77 1220 121 1269 ·ii·
161 1209 360 1282 clarificant
386 1209 501 1281 vicem
535 1222 698 1281 mutuam
728 1209 931 1308 pollicente..
968 1209 1053 1293 Eos,
1081 1209 1214 1308 inquit,

160 1326 223 1426 qui
249 1323 456 1425 clarificant
481 1350 538 1397 me
564 1322 795 1421 clorificubo‚·
826 1335 862 1398 et
890 1326 954 1425 qui
982 1328 1123 1422 spernit
1153 1353 1214 1400 me

159 1454 362 1541 spernetur.
392 1441 451 1515 Ad
469 1468 577 1539 quarn
596 1441 887 1515 clarificationem
907 1442 1063 1515 formans
1083 1469 1149 1514 nos
1169 1470 1211 1516 ac

159 1586 361 1659 praeparans
378 1559 561 1632 Dominus
575 1572 611 1631 et
625 1558 737 1631 Filius
752 1559 822 1631 Dei
842 1558 1114 1631 similitudinem
1134 1558 1209 1631 Dei
1224 1594 1261 1634 10

9 1687 138 1737 evitxin
162 1674 275 1746 Patris
308 1675 490 1746 insinuans
522 1675 558 1746 in
588 1673 773 1772 evangelio
804 1701 869 1746 suo
898 1672 1008 1746 dicit:
1039 1675 1211 1748 Audistis

159 1790 247 1890 quia
273 1788 410 1861 dictum
438 1798 514 1861 est:
544 1789 695 1888 Diliges
719 1790 927 1886 prociarum
958 1791 1035 1881 tibi,
1062 1799 1098 1862 et
1126 1790 1211 1863 odio

9 1915 105 1965 later.
159 1904 306 1978 Iubebis
324 1905 508 1977 inimicum
527 1906 603 1979 tibi.
640 1906 724 2004 Ego
752 1918 873 1980 autem
897 1908 975 1980 dico
998 1907 1105 1997 uobis,
1124 1906 1212 1979 dili-

154 2024 236 2123 gitc
253 2022 581 2110 nimicosvestros,
600 2033 635 2095 et
652 2033 755 2097 orote
774 2050 845 2121 pro
863 2025 908 2097 iis
924 2025 989 2123 qui
1004 2050 1065 2097 uos
1081 2050 1212 2120 perse-

156 2149 326 2238 quuntur,
344 2149 385 2212 ut
401 2139 482 2212 sitis
490 2137 575 2239 filii
595 2139 724 2213 Putris
744 2141 857 2214 vestri
873 2141 937 2239 qui
958 2141 995 2214 in
1019 2139 1120 2213 coelis
1142 2151 1254 2240 cst,15

156 2257 220 2355 qui
235 2255 345 2330 solem
367 2283 473 2330 suram
497 2258 589 2330 oriri
596 2257 704 2356 sircit
722 2283 833 2355 super
851 2257 958 2330 bouus
976 2256 1152 2346 etmarias,
1171 2269 1210 2332 et

150 2372 252 2470 pluit
268 2372 509 2473 superjustos
527 2385 563 2447 et
579 2373 744 2473 'injustos
796 2373 834 2444 Si
854 2372 1062 2446 hominibus
1081 2375 1206 2448 laetum

156 2504 272 2563 estet
302 2491 496 2589 gloriosum
529 2491 621 2563 tilios
654 2490 785 2562 habere
812 2490 1029 2578 consimiles,
1055 2504 1092 2562 et
1116 2503 1209 2566 tunc

157 2607 271 2704 magis
295 2634 481 2704 generasse
505 2605 671 2692 delectat,
693 2606 720 2679 si
747 2604 789 2678 ad
814 2622 952 2704 patrem
979 2605 1208 2680 lineamentis

155 2725 300 2820 paribus
326 2724 464 2795 soboles
490 2724 666 2796 subsiciva
690 2721 914 2822 respondeat,
932 2737 1068 2818 quanto
1091 2723 1258 2819 rnaj0r20

156 2839 191 2909 in
210 2839 294 2912 Deo
312 2840 416 2911 Patre
431 2839 552 2912 laetitia
566 2853 714 2912 osteum
732 2839 812 2935 quis
831 2838 882 2911 sic
900 2838 1106 2938 spiritaliter
1124 2867 1209 2913 nas-

155 2954 248 3045 citur
268 2968 306 3027 ut
324 2954 360 3026 in
376 2955 514 3027 actibus
528 2955 604 3051 ejus
618 2968 654 3027 et
671 2953 838 3057 laudibus
851 2954 972 3027 divina
985 2957 1206 3054 generositas

155 3069 390 3168 praedicetur?
426 3073 519 3154 Quae
540 3070 692 3166 justitiae
719 3071 841 3169 palma
867 3086 931 3159 est,
955 3099 1034 3169 quae
1060 3099 1205 3163 corona,

9 3205 77 3254 aar.
156 3214 232 3260 esse
252 3188 362 3259 talem
378 3187 422 3260 de
441 3212 513 3283 quo
535 3185 638 3258 Deus
659 3213 731 3259 non
756 3186 873 3260 dicat:
892 3187 1008 3260 Filios
1027 3191 1220 3286 gerreruui·

156 3315 191 3376 et
217 3304 388 3391 ccultavi,
410 3304 481 3402 ipsi
506 3313 627 3376 autem
653 3313 868 3401 spreverunt
890 3330 958 3377 rae.
1011 3303 1254 3404 Collaudet25

155 3433 191 3491 te
214 3421 334 3519 potius
355 3421 534 3508 Christus,
555 3434 591 3493 et
617 3420 744 3494 invitet
770 3419 814 3493 ad
841 3420 1030 3518 praemium
1058 3419 1203 3498 dicens:

9 3545 65 3596 titt
77 3562 134 3594 xxv·
159 3535 202 3607 V
196 3536 291 3609 enite
309 3537 485 3621 benedicti
498 3537 631 3610 Putris
647 3538 728 3627 mei,
739 3538 921 3634 percipite
937 3564 1092 3637 reguum
1108 3540 1207 3638 quod
1325 3610 1331 3621 ,

154 3650 253 3723 vobis
267 3661 440 3746 puratum
458 3661 512 3724 est
529 3652 574 3725 ab
591 3653 733 3750 origiue
749 3652 884 3726 mundi.

204 3766 311 3840 VIII.
340 3768 411 3841 His
437 3767 730 3840 meditationibus
754 3771 1035 3844 corroborandus
1053 3787 1108 3847 est
1126 3775 1203 3847 ani-

155 3910 247 3974 mus,
271 3883 395 3956 fratres
421 3882 656 3972 dilectissimi,
682 3883 859 3980 ejusmodi
885 3888 1201 3964 exercitationibus
1210 3930 1252 3986 30

154 4014 277 4073 contra
293 3999 417 4073 omnia
434 3999 568 4072 diaboli
587 3999 709 4095 jacula
726 4001 934 4074 firmandus
988 4005 1044 4078 Sit
1067 4007 1104 4078 in
1126 4034 1203 4080 rna·

153 4117 260 4190 nibus
289 4116 411 4190 divina
438 4117 557 4205 lectio,
585 4118 621 4188 in
649 4118 812 4190 sensibus
841 4118 1038 4195 Dominica
1068 4124 1202 4222 cogita·

153 4233 215 4306 tio.
251 4233 378 4306 Oratio
389 4232 488 4332 jugis
507 4233 656 4307 omnino
675 4261 747 4308 non
767 4249 891 4307 cesset.
927 4237 1100 4312 Salutaris
1116 4267 1204 4338 ope-
