2678 4830
328 733 625 817 VETERUM
656 731 1036 817 TESTIMONIA.

531 991 826 1040 ...ο-...-

491 1192 574 1251 ΙΜΡ.
593 1191 871 1262 JUSTINIANUS,

166 1334 202 1392 In
215 1331 411 1398 Anthenticis‚
428 1331 594 1389 collatione
608 1349 650 1389 rx.
666 1330 713 1389 tit.
724 1330 765 1389 vi.
781 1331 815 1388 de
827 1330 1031 1390 Ecclesiasticis
1044 1331 1160 1410 Repah's
1172 1342 1200 1391 et

493 1429 664 1507 Privileqr’is,
679 1429 711 1486 in
725 1428 880 1505 principio.

131 1533 415 1660 5SANCIMUS
435 1575 533 1664 igitur
551 1575 651 1642 vicem
670 1575 778 1664 legum
797 1575 939 1642 obtinere
953 1591 1075 1643 sanctas
1088 1577 1210 1644 ecclesi·
1258 1568 1262 1575 ’

157 1679 267 1746 asticos
281 1678 417 1767 regulas,
428 1701 501 1765 quae
511 1702 531 1744 a
541 1678 654 1745 sanctis
668 1690 806 1766 quatuor
817 1678 965 1744 Conciliis
974 1681 1125 1768 expositae
1136 1694 1210 1746 sunt

157 1797 215 1849 aut
227 1783 370 1848 firmatae.
412 1783 487 1847 Hoc
502 1795 549 1848 est
562 1782 597 1846 in
613 1781 744 1847 Nicaena
759 1801 925 1849 cccxv111.
938 1795 970 1848 et
983 1783 1018 1848 in
1032 1785 1211 1850 Constanti-

159 1886 339 1974 nopolitano
355 1901 535 1950 sanctorum
550 1906 602 1952 cn.
617 1897 756 1973 patrum,
772 1898 804 1951 et
822 1885 856 1950 in
873 1885 1036 1974 Ephesina
1048 1887 1162 1975 prima,
1176 1887 1210 1952 in

160 2011 225 2075 qua
244 1989 410 2054 Nestorius
429 2001 477 2054 est
496 1989 674 2069 damnatus,
689 2002 722 2054 et
740 1988 775 2052 in
796 1989 1018 2069 Chalcedonis,
1037 1990 1072 2053 in
1093 2013 1158 2077 qua
1179 2004 1211 2057 et

116 2117 152 2158 10
161 2091 326 2178 Eutyches
338 2113 412 2155 cum
426 2092 573 2155 Nestorio
587 2090 868 2155 anathematizatus
881 2103 936 2156 est.
981 2092 1211 2158 Praedictarum

160 2194 244 2258 enim
259 2205 396 2279 quatuor
411 2193 604 2279 synodorum
618 2192 779 2279 dogmata,
796 2192 876 2258 sicut
890 2205 1012 2260 sanctas
1029 2195 1210 2285 scripturas,

162 2296 350 2384 accipimus3
374 2306 406 2360 et
420 2294 546 2383 regulas
560 2294 642 2361 sicut
655 2294 740 2383 leges
754 2295 964 2362 observamus.

279 2526 312 2587 S.
332 2525 565 2587 GREGORIUS
586 2527 632 2588 M.
652 2524 853 2585 ROMANUS
873 2525 1100 2597 EPISCOPUS‚

239 2659 276 2716 In
296 2658 432 2738 Registro
453 2657 548 2734 Epist.
570 2657 622 2716 lib.
637 2658 662 2715 Ι.
688 2676 752 2733 cap.
773 2658 851 2717 xxiv.
870 2659 908 2716 al.
928 2677 995 2718 xxv.
1016 2659 1048 2716 in
1068 2660 1138 2718 fine.

118 2836 154 2900 15
201 2807 369 2884 anrnon
383 2803 623 2870 concilia—tota
631 2803 797 2870 devotione
807 2803 1006 2893 complector,
1015 2805 1215 2895 integerrima

164 2908 391 2996 approbatione
402 2906 556 2973 custodio.
578 2906 662 2986 Quia
671 2907 704 2972 in
718 2907 778 2988 his,
790 2907 878 2974 velut
888 2908 921 2972 in
932 2908 1087 2996 quadrato
1097 2908 1214 2997 lapide,

166 3023 280 3077 sanctae
294 3011 368 3077 fidei
383 3022 542 3076 structura
552 3010 724 3099 consurgit,
737 3022 769 3076 et
783 3011 951 3100 cujuslibet
964 3013 1039 3077 vitae
1052 3023 1148 3099 atque
1162 3035 1215 3077 ac·

165 3114 258 3179 tionis
274 3138 386 3180 norma
403 3115 519 3194 existit,
538 3113 807 3201 quisquiseorum
829 3114 1016 3180 soliditatem
1035 3137 1099 3179 non
1117 3108 1228 3194 tenet,

166 3217 260 3281 etiam
281 3217 307 3281 si
327 3217 407 3304 lapis
428 3239 494 3282 esse
515 3216 665 3294 cernitur,
688 3228 793 3280 tamen
818 3227 909 3280 extra
930 3215 1098 3281 aedificium
1118 3216 1213 3304 jacet.

120 3343 157 3382 20
167 3318 242 3385 Vid.
256 3342 289 3408 p.
300 3333 374 3406 515.
389 3330 466 3386 tom.
479 3321 532 3386 11.
548 3321 609 3407 Op.
627 3320 661 3384 S.
674 3319 771 3405 Greg.
787 3317 860 3384 edit
879 3317 1073 3384 Benedictin.

319 3541 510 3602 CANONES
530 3542 702 3600 AELFRICI
723 3541 778 3599 AD
798 3540 1060 3610 WULFSINUM‚
1083 3537 1087 3542 ’

187 3674 276 3731 Anno
290 3672 400 3732 Christi
413 3687 473 3750 970
488 3672 609 3742 conditi,
626 3672 758 3751 elingua
771 3671 916 3732 Saxonica
934 3673 1039 3732 Latine
1053 3674 1197 3742 conversi,

601 3780 673 3828 sect.
689 3770 786 3828 xxxiii

210 3898 318 3961 -Hn
337 3909 475 3984 quatuor
496 3896 608 3984 synodi
627 3897 831 3964 observandae
850 3909 935 3976 sunt,
952 3897 1060 3985 prouti
1080 3910 1217 3984 quatuor

121 4002 156 4064 25
169 3999 288 4064 Christi
306 3999 377 4064 libri
396 4000 430 4064 in
448 3999 575 4066 ecclesia
594 3999 721 4065 Christi.
756 4000 873 4066 Multae
888 4000 999 4088 synodi
1013 3999 1128 4065 deinde
1141 4023 1216 4065 con·

167 4102 399 4189 gregabantur,
408 4104 462 4168 sed
476 4114 613 4190 quatuor
626 4101 689 4168 illae
709 4116 782 4169 sunt
800 4103 980 4192 praecipuae,
997 4103 1145 4191 quoniam
1160 4127 1214 4169 ex-

169 4204 331 4270 tinxerunt
345 4205 506 4272 haereticas
522 4204 590 4271 illas
605 4205 772 4287 doctrinas,
787 4229 866 4294 quas
879 4206 1017 4272 haeretici
1030 4207 1217 4272 invenerunt
