2678 4830
160 331 224 393 202
494 329 873 394 ANNOTATIONES

159 515 345 578 turcorum,
361 523 434 585 quae
448 500 488 564 ad
504 500 635 566 haereses
650 500 777 586 faciant]
799 503 951 563 Posuerat
972 499 1141 585 Rigaltius‚
1158 525 1206 566 ae-

156 588 259 670 quitur
273 608 331 672 pro
345 588 399 649 aed
414 587 571 670 quaeritur.
617 590 690 651 Hoc
706 611 780 650 vero
798 609 870 649 cunr
892 587 987 672 Lupo
1005 602 1100 672 atque
1117 589 1208 651 Tho-

157 671 255 735 masio
269 672 421 736 revocavi.
466 674 576 750 Porro,
592 689 754 758 praeeunte
773 673 881 736 eodem
906 673 1012 757 Lupo,
1028 674 1207 737 intuuertu-

156 767 205 821 tur
234 757 336 844 recepi
366 779 424 843 pro
453 758 538 822 edito
566 761 787 842 interpretetur,
817 758 913 843 idque
943 772 1057 844 praeter
1085 782 1206 824 morem

154 866 272 923 meum,
285 866 323 907 ex
335 845 514 930 conjectura
529 858 651 909 tantum
668 844 775 909 Latini
791 843 908 908 Latinii
921 843 1049 908 aJunio
1063 869 1206 931 compro-

153 930 238 994 bata.
284 931 357 994 Hoc
380 953 455 993 vero
478 930 637 1016 postulare
660 930 826 994 videbatur
849 929 908 993 loci
934 953 1059 1002 sensus3
1084 931 1206 994 etiamsi

154 1016 287 1080 verbum
306 1017 484 1097 interpretor
501 1040 573 1080 cum
594 1016 716 1105 passiva
736 1016 957 1103 significatione
971 1016 1057 1102 apud
1075 1018 1206 1080 Tertul-

154 1100 272 1165 lianum
287 1102 469 1188 reperiatur.

199 1190 238 1251 P.
252 1208 324 1272 151.
340 1187 360 1250 l.
374 1209 406 1270 7.
429 1187 461 1250 in
481 1186 635 1251 idolorum
653 1186 820 1274 mysteriis]
842 1186 1097 1274 praepositionem
1112 1211 1132 1250 a
1147 1188 1205 1252 Ri-

195 1272 251 1337 ltio
273 1273 416 1337 omissam
440 1296 512 1336 cum
537 1274 588 1337 Lu
657 1287 689 1337 et
716 1272 888 1336 Thomasio
912 1274 1064 1337 revocavi.
1112 1275 1204 1338 Infra

176 1360 370 1436 abes-tam
384 1360 563 1423 temulenter
577 1297 640 1423 lilii
655 1356 821 1439 adfectauit
836 1362 1000 1441 exprimere
1020 1360 1051 1422 in
1071 1360 1204 1446 negotiis

153 1445 347 1523 idololatriae,
363 1469 431 1532 cap.
443 1465 497 1525 40.

199 1532 283 1595 Ibid.
307 1531 328 1593 l.
344 1552 376 1616 9.
399 1529 622 1628 expositionem
646 1528 845 1628 delictorum]
875 1529 926 1594 Sic
950 1552 1009 1615 pro
1033 1532 1203 1612 expiatione

154 1616 337 1680 delictorum
357 1616 453 1702 priori
468 1615 598 1679 lectione
614 1615 773 1700 Rigaltius
789 1640 806 1679 e
821 1616 901 1680 lrbro
916 1616 1103 1700 Agobardi;
1129 1619 1203 1680 ἀπό-

154 1707 248 1766 θεσιν.
273 1705 430 1766 Sanina.
453 1703 672 1784 Expintionem
685 1701 813 1786 quidem
829 1702 1024 1765 reduxerunt
1040 1704 1155 1788 Lupus
1170 1717 1203 1767 et

155 1787 357 1851 Thomasius.
389 1787 463 1864 Sed,
478 1803 514 1850 ut
529 1786 614 1863 alibi,
628 1787 670 1850 sic
684 1788 826 1869 Epistola
842 1788 1024 1865 Firmiliuni,
1040 1811 1135 1873 quam
1151 1788 1202 1852 his

155 1872 359 1937 Collectaneis
378 1872 546 1936 additurus
560 1895 640 1949 sum,
657 1896 718 1936 vox
736 1873 833 1937 altera
852 1874 1005 1936 firmatur.
1051 1874 1103 1937 Ibi
1118 1874 1201 1938 enim

154 1972 344 2022 extat-non
359 1960 468 2023 ablutis
486 1981 540 2040 per
560 1958 692 2021 ecclesia
708 1959 861 2023 lavacrum
874 1961 1021 2037 cordibae,
1038 1981 1092 2022 nec
1106 1983 1201 2046 expo-

155 2044 220 2109 sitis
235 2045 379 2130 peccatis.
394 2068 466 2132 pag.
483 2065 550 2128 149.
570 2046 628 2126 Op.
644 2045 678 2108 S.
693 2045 846 2129 Cypriani,
861 2045 972 2108 edente
989 2044 1130 2108 Baluzio.

199 2131 282 2195 lbid.
299 2131 318 2194 l.
334 2153 381 2195 11.
408 2146 439 2195 et
454 2131 479 2194 si
493 2129 598 2195 adhuc
612 2131 750 2209 memini,
766 2131 901 2215 Mithra]
923 2131 972 2194 Sic
988 2130 1106 2217 Rigalt.
1131 2134 1201 2194 Ha-

152 2217 207 2281 bet
222 2219 357 2281 meminit
373 2218 508 2294 Mithra,
524 2217 676 2304 probante
687 2220 710 2279 J
714 2217 798 2293 unio,
810 2217 861 2281 ed.
878 2217 1030 2303 princeps.
1055 2218 1200 2281 Fortasse

152 2303 261 2368 melior
282 2303 385 2380 lecti0,
408 2326 503 2389 quam
526 2303 654 2389 quidem
676 2303 859 2390 praeteriisse
881 2326 931 2365 me
953 2303 1061 2366 fateor.
1099 2304 1200 2368 Extat

152 2413 227 2453 vero
246 2390 277 2454 in
293 2391 343 2454 ed.
361 2390 472 2454 ultima
492 2389 638 2453 Rhenani
658 2405 689 2453 et
709 2390 740 2452 in
762 2389 835 2453 edd.
856 2388 955 2452 Paris.
970 2404 1002 2451 et
1017 2388 1154 2452 Franek.
1170 2401 1200 2452 et

151 2477 195 2540 vic
209 2478 308 2540 adhuc
326 2477 429 2540 initiat
448 2476 586 2554 Milium,
603 2475 656 2539 sed
678 2475 853 2540 Delacerda
871 2489 902 2538 et
923 2476 1038 2560 Lupus
1059 2475 1199 2538 Thoma-

152 2561 278 2648 siusque
293 2563 321 2625 si
334 2586 392 2648 pro
406 2563 450 2625 sic
464 2575 645 2648 posuerunt.

196 2649 281 2712 Ibid.
297 2649 381 2732 l.13.
405 2648 464 2712 sub
482 2647 587 2733 gladio
607 2645 732 2710 redimit
750 2647 907 2729 coronam]
924 2645 1073 2732 Martyrii
1092 2646 1197 2710 mimo.

153 2734 405 2883 ssifflhiifmbus
419 2734 586 2820 explicavit
600 2733 659 2796 sub
671 2734 763 2796 finem
779 2732 882 2818 operis
892 2731 932 2795 de
945 2733 1069 2795 Corona
1080 2755 1110 2818 p.
1129 2751 1135 2793 t
1143 2753 1161 2817 3
1173 2755 1196 2796 r.

197 2905 281 2968 Ibid.
297 2904 317 2967 l.
333 2926 383 2986 14.
406 2905 437 2968 in
453 2903 523 2967 unis
537 2903 655 2989 nuptiis
671 2902 792 2986 statuit]
809 2903 847 2966 Iu
862 2903 955 2967 unius
968 2903 1079 2984 nuptiis
1093 2905 1198 2990 posuit

154 2990 322 3076 Rigaltius.
369 2992 415 3054 Et
439 2989 479 3053 ad
502 2988 667 3053 editionem
691 2987 875 3075 principem,
899 2989 930 3051 in
956 3011 1020 3073 qua
1047 2988 1112 3052 sola
1135 3013 1197 3053 vox

153 3078 275 3158 nuptiis,
291 3089 389 3154 extat,
404 3075 469 3139 sine
490 3076 557 3138 uuis
573 3075 619 3139 vel
638 3075 736 3151 antra,
750 3076 846 3138 refert
866 3074 1040 3138 Rhenanus
1062 3074 1198 3138 Hirsau-

152 3161 257 3247 giense
279 3161 458 3248 exemplum
483 3161 598 3225 habere
623 3162 655 3223 in
678 3161 766 3223 unitas
788 3163 909 3243 nuptiia,
933 3160 1093 3223 lectionem
1118 3161 1197 3224 hanc

152 3249 298 3334 probans.
336 3248 475 3312 Eandem
491 3261 617 3333 praestat
632 3246 707 3310 edit.
725 3246 823 3309 Paria.
867 3247 928 3310 Sed
944 3246 1105 3309 lectionem
1123 3246 1198 3310 alte-

151 3356 216 3397 ram
237 3337 269 3398 irt
282 3334 353 3398 unis
367 3335 480 3417 nuptiis
500 3333 532 3395 in
547 3334 621 3398 edit.
638 3332 774 3397 Franek.
790 3344 959 3408 extantem,
975 3355 1070 3416 quam
1087 3356 1118 3394 se
1133 3333 1198 3396 edi-

152 3419 233 3484 disse
249 3420 406 3485 Pamelius
419 3419 463 3483 ait
481 3443 519 3482 ex
541 3422 615 3483 MS.
633 3418 770 3503 Anglico
784 3418 889 3482 codice
904 3419 995 3484 Joan.
1015 3417 1195 3496 ClementiS,

150 3529 220 3569 cum
248 3507 344 3592 Lupo
366 3519 460 3590 atque
487 3504 659 3568 Thomasio
682 3504 795 3591 recepi.
836 3505 915 3567 Uare
937 3503 1018 3567 enim
1041 3504 1136 3589 juxta
1160 3529 1196 3568 ac

148 3593 257 3672 primae
278 3593 397 3678 nuptiae
420 3591 534 3653 Latine
556 3591 679 3654 dicitur.
719 3592 822 3654 Homo
841 3591 905 3653 Dei
920 3591 1020 3653 Adam
1043 3601 1071 3652 et
1091 3593 1197 3654 mulier

152 3677 217 3739 Dei
231 3679 301 3740 Eva
315 3678 385 3740 unis
398 3680 479 3740 inter
494 3700 526 3739 se
540 3677 658 3763 nuptiis
673 3675 806 3756 dejimcti
825 3687 915 3748 surm
939 3675 1046 3740 scribit
1062 3677 1194 3741 Tertul-

151 3761 252 3826 lianus
276 3763 309 3826 in
335 3763 389 3826 lib.
411 3763 464 3826 De
488 3764 708 3826 Exhortatione
736 3763 902 3838 Caumatis,
925 3786 994 3848 cap.
1016 3777 1048 3846 5.
1075 3762 1139 3825 vid.
1165 3777 1196 3825 et

151 3872 219 3937 cap.
233 3871 264 3933 9.
309 3850 467 3912 Caeterum
490 3849 588 3935 exigit
609 3847 767 3935 apostolus
788 3849 820 3911 in
837 3848 985 3929 Epistolis
1003 3848 1042 3910 ad
1066 3850 1123 3912 SS.
1140 3848 1196 3910 Ti-

151 3936 311 3999 motheum
327 3949 359 3999 et
374 3934 499 4014 Titum,
516 3949 552 3998 ut
565 3941 633 4015 μιᾶς
646 3935 784 4016 γυναικὸς
804 3936 877 4015 drap
899 3932 1061 3997 ordinetur
1076 3934 1195 4019 episco-

151 4043 222 4108 pus,
238 4021 344 4086 itidem
361 4021 531 4098 diaconus3
556 4020 641 4107 quod
656 4018 783 4106 quidem
799 4033 989 4106 praeceptum
1007 4019 1046 4082 ad
1062 4019 1194 4097 literam,

152 4122 188 4171 ut
211 4108 309 4185 aiunt,
335 4106 428 4170 bodie
453 4106 616 4193 injungere
642 4105 720 4170 solet
743 4104 954 4169 sacerdotibus
980 4105 1044 4168 suis
1069 4105 1196 4169 ecclesia

152 4194 273 4258 Graeca.
319 4191 452 4257 Nullum
480 4216 555 4279 ergo
581 4192 631 4256 hic
657 4206 763 4255 extare
788 4190 993 4254 Montanismi
1016 4192 1194 4275 vestigium,

150 4278 302 4367 quicquid
325 4278 386 4345 sibi
410 4278 495 4344 visus
520 4278 560 4344 sit
585 4277 737 4365 detegisse
763 4278 810 4341 vir
834 4276 874 4341 cl.
903 4279 1017 4340 Petrus
1043 4273 1194 4356 Allixius,
