2768 4844
208 357 272 419 180
540 355 918 421 ANNOTATIONES

256 529 295 591 P.
315 547 386 613 ¹¹3·
408 525 430 588 l.
447 528 475 591 8.
507 528 601 592 Certe
626 525 831 612 voluntarias]
862 527 912 590 Ita
936 551 995 614 ego
1021 525 1251 614 interpretarer.

209 613 313 679 Velari
334 612 465 677 feminas
487 613 606 700 nuptiis
628 613 722 678 seculi
744 627 800 678 aut
818 613 934 678 Christi
954 613 1105 692 addictas,
1125 613 1253 677 omnino

207 699 412 765 necessarium
422 714 479 764 est.
501 700 544 765 At
555 723 627 787 quae
636 700 844 787 virginitatem
854 699 1059 764 voluntariam
1070 699 1187 778 colunt,
1197 700 1253 763 do-

207 811 264 851 nec
275 785 421 850 maritum
438 785 496 851 sibi
510 800 700 874 comparent,
711 787 760 850 his
770 809 897 874 prorsus
908 786 1121 851 interdicenda
1131 799 1252 851 nonest

208 873 317 961 eapitis
331 871 469 951 nuditas,
485 872 539 937 sed
559 874 722 938 monendae
738 888 872 950 tantum,
888 887 924 938 ut
938 871 1065 937 meliora
1079 871 1251 958 disciplinae

207 959 334 1025 consilia
353 958 593 1045 amplectantur,
608 960 752 1059 quamvis
769 984 801 1024 se
815 958 951 1046 virgines
964 960 1122 1024 interdum
1137 959 1250 1046 menti·

207 1059 311 1110 antur.
356 1046 548 1110 Mendosum
564 1047 702 1110 codicem
717 1045 870 1133 explicare
887 1069 944 1134 per
965 1044 1044 1110 solas
1058 1045 1251 1132 conjecturas

208 1157 244 1197 co
268 1133 360 1197 mur.
385 1133 590 1197 Munnronr.
627 1134 828 1198 Voluntarias
842 1132 1028 1220 interpretor
1042 1156 1102 1219 ego
1117 1132 1252 1219 virgines

208 1156 346 1283 veiintes
369 1217 475 1296 velari,
498 1242 571 1306 quae
596 1241 627 1282 se
652 1243 779 1306 quoque
801 1219 937 1306 virgines
962 1242 1027 1283 esse
1052 1241 1165 1305 negare
1187 1242 1251 1282 non

207 1324 350 1404 possunt,
364 1320 501 1370 attamen
517 1306 599 1370 inter
615 1323 730 1392 nuptas
748 1330 812 1371 sese
830 1306 928 1370 celare
943 1305 1061 1378 solent3
1082 1305 1142 1369 hoc
1156 1305 1252 1369 modo

207 1391 348 1479 mgloriae
359 1406 390 1455 et
404 1393 588 1471 obscuratae,
598 1392 783 1458 conscientia
798 1417 871 1457 vero
886 1392 1071 1480 virginitatis
1085 1415 1150 1456 suae
1164 1391 1252 1477 apud

208 1479 315 1542 Deum
335 1492 497 1543 eontentae.
543 1480 670 1543 Interea
688 1502 747 1566 pro
766 1479 895 1544 vocibus
909 1480 1051 1565 infirma
1070 1500 1251 1564 reponerem

206 1567 243 1628 in
257 1566 406 1651 taphnis,
419 1565 479 1644 vel,
492 1566 667 1651 infirmate,
679 1566 766 1652 quod
778 1567 906 1653 quidem
921 1566 1052 1630 verbum
1068 1565 1163 1629 habet
1176 1588 1251 1629 auc-

208 1667 258 1715 tor
271 1651 303 1714 in
318 1650 372 1716 lib.
390 1674 448 1714 suo
459 1653 496 1716 de
513 1653 639 1716 Corona
652 1653 784 1728 Militis,
799 1675 866 1740 cap.
880 1654 909 1716 6.

248 1736 337 1802 Ibid.
351 1736 372 1801 l.
391 1757 443 1804 21.
466 1751 588 1802 tantum
609 1737 719 1802 notitia
737 1739 805 1826 ejus
820 1738 968 1803 nubendo
983 1737 1083 1802 velata
1097 1739 1157 1822 est]
1177 1740 1253 1802 Sen-

208 1846 278 1887 sum
292 1822 351 1887 loci
364 1824 534 1888 ostendunt
548 1825 644 1903 verba
663 1825 850 1889 Tertulliani
869 1824 902 1889 in
921 1824 1002 1889 libro
1013 1826 1050 1889 de
1066 1826 1253 1913 Virginibus

214 1910 358 1974 Velandis
372 1932 441 1998 cap.
456 1930 506 1973 11.
524 1911 667 1975 Ostendit
681 1913 763 1975 enim
778 1914 872 1976 etiam
887 1914 1017 1998 nuptias
1031 1912 1068 1974 de
1081 1920 1207 1998 aspectu
1222 1921 1253 1976 et

207 1998 314 2060 animo
320 1998 415 2082 fieri,
429 1997 686 2084 quemadmodum
705 2008 830 2084 stupra,
846 2000 911 2062 nisi
930 1998 1013 2085 quod
1030 2000 1124 2061 etium
1139 1999 1254 2061 Rebec-

207 2105 276 2146 cam
289 2083 418 2170 quidam
432 2083 534 2157 adhuc
554 2083 670 2148 vehant.
711 2084 779 2149 Ubi
799 2109 819 2148 o
843 2083 918 2150 time
936 2083 1104 2147 adnotatur
1123 2083 1155 2146 in
1175 2083 1251 2148 edit.

208 2168 351 2248 Halensi,
380 2177 402 2221 “
419 2170 604 2247 Rebeccam,
631 2169 783 2255 virginem
812 2107 1048 2258 desponsatamz
1080 2170 1133 2234 sed
1159 2169 1252 2234 aliam

208 2264 230 2295 “
245 2278 307 2321 non
323 2253 456 2320 velant.''
491 2257 647 2322 Nubendo
661 2256 721 2322 hoc
735 2258 815 2337 loco,
830 2274 867 2323 ut
880 2257 1023 2337 nuberet,
1038 2256 1201 2343 significat.

242 2341 337 2492 lIbid.
352 2342 374 2407 l.
387 2345 439 2411 26.
471 2365 611 2407 caussam
634 2343 730 2430 dicat]
759 2346 808 2408 H.
828 2369 854 2409 e.
881 2343 1038 2432 culpatur,
1067 2343 1252 2430 reprehendi

208 2452 243 2492 so
255 2442 296 2493 et.

253 2514 338 2581 Ibid.
360 2514 380 2580 l.
400 2535 452 2599 29.
475 2513 540 2580 solo
554 2515 605 2580 die
620 2515 787 2580 Dominico
801 2513 1044 2600 resurrectionis]
1064 2514 1252 2601 Legendum

208 2602 394 2666 Dominicae.
434 2602 486 2666 De
504 2624 590 2667 more
608 2601 677 2690 ipso
696 2602 809 2667 videsis
826 2616 931 2666 notam
947 2600 987 2665 ad
1003 2604 1036 2666 S.
1050 2602 1136 2665 Petri
1149 2600 1251 2666 Alex-

208 2687 331 2751 andrini
347 2691 506 2752 Canonem
523 2688 579 2753 ult.
595 2687 628 2752 in
643 2687 704 2753 vol.
718 2690 790 2753 111.
806 2689 985 2776 Reliquiae.
1004 2690 1097 2753 Sacr.

253 2772 336 2838 Ibid.
352 2773 372 2837 l.
388 2793 442 2860 30.
466 2773 519 2838 sed
541 2775 625 2839 omni
647 2775 811 2840 anxietatis
831 2774 957 2860 habitu]
983 2773 1158 2838 Desiderari
1183 2772 1252 2838 heic

208 2860 339 2924 verbum
362 2862 519 2924 abstinere
541 2861 617 2924 mihi
643 2861 777 2926 videtur.
823 2864 929 2939 Quum
952 2884 1037 2947 genu
1063 2860 1197 2937 flectere,
1220 2875 1252 2926 et

203 2945 360 3044 jejunare,
377 2946 555 3010 moestitiam
569 2962 664 3035 atque
678 2947 890 3034 poenitentiam
908 2946 1069 3035 spirarent,
1086 2947 1252 3011 Dominico

208 3032 270 3110 dre,
285 3055 398 3119 nempe
419 3033 620 3098 exultationis
641 3034 703 3112 die,
719 3034 937 3098 abstinendum
960 3034 1001 3098 ab
1020 3058 1058 3097 eo
1076 3057 1161 3097 more
1178 3033 1249 3098 fuit.

208 3120 411 3184 Musaronr.
450 3118 533 3183 Mihi
553 3120 692 3207 quidem,
708 3144 813 3186 vocem
832 3123 931 3207 officio
944 3143 1002 3207 pro
1016 3122 1118 3208 efficia
1133 3120 1248 3185 substi-

207 3206 319 3285 tuenti,
334 3206 457 3272 nullum
472 3207 601 3271 verbum
617 3207 785 3272 desiderari
800 3207 941 3271 hocloco
955 3206 1090 3270 videtur.
1267 3216 1274 3232 “

251 3292 337 3358 Ibid.
350 3292 372 3357 l.
385 3314 439 3392 33.
456 3317 528 3380 quae
542 3295 651 3359 eadem
666 3293 868 3359 exultationis
882 3293 1106 3358 solemnitatem
1121 3292 1251 3379 dispun-

206 3378 323 3465 gimur]
343 3379 491 3445 Diximus
505 3394 537 3445 et
556 3380 588 3444 in
609 3383 793 3447 Pentecoste
807 3403 910 3468 genua
924 3403 987 3444 non
1001 3379 1123 3443 flexisse
1138 3378 1249 3443 Chris-

207 3464 317 3530 tianos.
361 3466 474 3530 Nescio
494 3489 535 3530 an
557 3467 744 3554 legendum:
768 3491 838 3556 quae
853 3467 958 3530 eadem
978 3467 1180 3530 exultationis
1202 3488 1250 3530 so-

206 3552 352 3618 lemnitas
366 3562 422 3631 est,
437 3553 673 3640 dispungamus.
719 3555 759 3618 In
782 3553 834 3618 lib.
856 3552 896 3616 de
916 3551 1071 3617 Patientia
1092 3555 1250 3639 eupunuit

206 3639 264 3723 pro
275 3641 428 3725 pematitit
442 3654 627 3726 usurpatum
643 3655 690 3705 est
704 3664 723 3704 a
738 3639 954 3714 Tertullian03
976 3652 1008 3703 et
1020 3641 1188 3726 dispuncta
1202 3648 1249 3703 est

205 3746 264 3810 pro
278 3724 420 3789 absoluta
434 3748 503 3811 cap.
514 3746 545 3810 5.
561 3725 601 3789 de
617 3729 720 3790 Carne
736 3726 871 3805 Christi3
888 3739 919 3790 et
932 3735 1093 3814 expunget
1106 3748 1164 3812 pro
1174 3746 1249 3812 per-

194 3811 288 3896 ficiet
301 3809 333 3873 in
348 3810 402 3874 lib.
418 3811 458 3874 de
474 3812 605 3876 Resurr.
622 3812 743 3877 Carnis.
789 3815 828 3877 ln
843 3812 896 3876 lib.
913 3812 1005 3876 etiam
1020 3812 1169 3876 adversus
1183 3811 1246 3875 Ju-

206 3896 309 3962 daeos:
335 3898 458 3985 Itaque,
477 3896 531 3975 ait,
547 3898 781 3987 dispungamus
798 3900 939 3965 ordinem
953 3908 1099 3984 eoeptum,
1115 3897 1174 3961 hoc
1189 3912 1246 3977 est,

204 3984 413 4049 absolvamus.
459 3982 566 4071 Igitur
582 3987 774 4051 tantumdem
792 3987 1019 4073 dispungimur
1036 3984 1096 4049 hoc
1115 3983 1183 4048 loco
1203 3983 1247 4047 nil

193 4069 292 4135 *aliud
309 4069 471 4157 significet,
486 4092 580 4157 quam
597 4082 800 4159 prestamus,
817 4086 849 4136 et
866 4072 1066 4136 absolvimus.
1098 4072 1245 4137 Muanr.

205 4156 365 4242 Legerim,
380 4157 569 4244 paneadem
583 4160 787 4224 eaultationis
802 4157 994 4222 solemnitate
1008 4157 1220 4245 dispungitur.

222 4274 227 4281 ·
248 4244 285 4306 P.
301 4263 371 4323 114.
392 4243 414 4308 l.
430 4263 480 4328 15.
501 4244 587 4331 apud
610 4245 759 4329 Paulum]
786 4243 973 4332 Legendum
992 4243 1128 4324 videtur,
1147 4253 1205 4308 aut
1223 4265 1246 4308 a

202 4330 315 4396 Paulo.
339 4331 544 4396 Musnroar.
949 4350 953 4359 ·
1279 4340 1282 4345 ’
