2678 4830
291 307 343 371 IN
366 307 399 370 S.
414 305 687 371 POLYCARPI
711 305 1001 371 EPISTOLAM.
1121 309 1164 376 27

125 500 220 566 quam
244 479 479 564 Smyrnaeorum
500 477 614 560 deferri
635 492 771 565 possent,
788 477 821 542 id
840 477 925 628 qpod
945 476 1097 565 particula
1117 481 1165 544 rol

125 565 158 641 in
172 563 275 628 verbis
296 565 343 628 καὶ
361 568 399 628 τὰ
417 562 483 646 παρ’
499 567 589 645 ὑμῶν,
604 577 637 627 et
655 565 687 627 in
708 564 850 650 sequenti
874 587 920 643 us,
936 563 1165 647 πρεσβεύσαντα

126 652 255 733 καὶπερὶ
272 648 363 731 ὑμῶν,
379 649 698 737 significarevidetur.
742 651 812 715 Etsi
830 651 911 714 enim
930 648 1011 714 illud
1029 657 1093 718 ταῖς
1112 652 1163 731 ἔμ-

125 742 259 820 προσθεν
289 739 457 817 ἐκκλησίαις
487 736 520 800 in
548 736 665 823 Ignatii
693 738 841 835 Epistola
869 739 912 801 od
940 737 1163 825 Polycarpum,

128 826 160 908 ξ.
176 823 236 887 ult.
254 821 377 886 nonnisi
397 822 437 887 de
458 825 669 888 anterioribus
690 822 750 887 illis
771 823 914 901 ecclesiis,
937 846 1009 910 quae
1031 822 1062 886 in
1086 822 1166 887 Asia

127 909 252 997 Syriam
279 932 387 973 versus
411 908 578 996 jaciebant,
607 908 874 1008 interpretandum
903 909 963 983 sit;
993 908 1071 972 nihil
1092 909 1166 974 inde

125 997 301 1061 eruendum
323 994 448 1060 lectioni
468 999 548 1075 ὑμῶν
569 1010 768 1060 contrarium.
814 996 950 1083 Quippe,
966 995 1010 1060 ibi
1023 995 1166 1060 hortatus

126 1097 174 1146 est
194 1082 403 1170 Polycarpum
424 1081 565 1168 Ignatius
580 1082 711 1147 scribere
725 1083 765 1146 ad
780 1083 854 1147 istas
868 1081 1020 1160 ecclesias,
1037 1096 1073 1146 ut
1086 1105 1166 1146 non·

126 1167 223 1233 nullae
237 1191 345 1233 earum
359 1168 484 1233 nuntios
497 1168 573 1255 ipsae
586 1168 744 1233 mitterent
758 1169 797 1232 ad
814 1168 1021 1246 Antiochiam,
1036 1190 1150 1254 recupe
1164 1205 1168 1220 .

126 1269 228 1319 ratam
247 1277 355 1341 paoem
373 1254 586 1342 gratulantes3
610 1254 678 1319 aliae
693 1279 767 1320 vero
785 1254 902 1320 litteras
922 1254 1089 1319 scriberent
1110 1254 1164 1318 de-

127 1342 271 1405 ferendas
284 1339 352 1404 illas
366 1365 385 1405 a
399 1341 509 1404 nuntio
524 1340 701 1429 Polycarpi.
745 1343 857 1428 Neque
874 1340 963 1405 aliter
977 1355 1024 1405 est
1037 1341 1077 1405 de
1092 1364 1166 1405 voce

127 1431 209 1508 ὑμῶν
223 1427 375 1491 sententia
390 1427 440 1490 vel
455 1426 579 1505 Smithi,
594 1427 642 1491 ve]
658 1451 777 1508 eorum,
791 1428 847 1515 qui
868 1427 1030 1514 Polycarpi
1050 1427 1166 1515 episto·

127 1512 190 1577 lam
204 1513 238 1577 in
252 1512 391 1600 linguam
407 1512 568 1600 Anglicam
583 1527 754 1591 verterunt,
770 1514 868 1592 Cavii,
880 1513 1001 1590 Wakii,
1014 1512 1169 1578 Clement-

129 1599 205 1664 soni.
250 1602 383 1679 Interea,
406 1599 483 1664 dum
507 1599 645 1664 Wakius
667 1601 700 1663 in
725 1600 809 1665 hunc
832 1600 961 1664 modum
983 1599 1050 1664 haec
1071 1600 1168 1664 verba

70 1730 74 1740 ·
128 1685 351 1773 interpretatus
375 1700 432 1764 est,
459 1687 527 1749 Bet
552 1688 591 1771 if
603 1709 646 1750 an
693 1709 750 1750 one
775 1697 855 1751 went
865 1688 962 1773 from
986 1687 1078 1750 hence
1100 1689 1167 1751 e‘nto

129 1774 244 1858 Syria,
258 1773 295 1837 tte
308 1773 419 1837 should
433 1772 502 1837 brin
540 1795 626 1858 pour
642 1710 746 1837 littera
766 1774 839 1837 reith
856 1774 932 1852 him,
947 1772 1043 1837 verbo
1058 1775 1166 1837 ἀποκα-

129 1861 203 1939 μίση
229 1858 393 1946 significari
417 1796 561 1923 censeiat
582 1881 644 1922 non
666 1859 920 1947 deportationem,
947 1859 1001 1923 sed
1026 1867 1169 1946 asporta-

38 1973 40 1977 ’
130 1947 254 2009 tionem.
299 1944 361 2009 Sed
374 1943 462 2010 aliter
475 1944 578 2009 locum
593 1947 763 2032 exposuere
777 1946 842 2010 duo
856 1945 943 2009 alteri
957 1946 1148 2032 interpretes.

175 2033 215 2094 P.
232 2052 281 2115 19.
296 2030 319 2094 l.
333 2049 385 2116 25.
408 2030 637 2113 πρεσβεύσαντα
659 2033 706 2095 καὶ
726 2034 794 2114 περὶ
814 2035 907 2118 ὑμῶν]
927 2036 974 2096 Τὰ
995 2055 1053 2119 pro
1074 2030 1170 2118 parti-

130 2115 202 2181 cula
225 2115 459 2204 »collegendum
482 2116 602 2181 monuit
617 2116 656 2181 el.
669 2117 878 2182 Marklandus
895 2118 935 2182 ad
955 2140 1040 2182 oram
1063 2140 1168 2181 exem-

156 2202 227 2267 laris
251 2204 312 2267 mei
333 2202 542 2268 Aldrichianae
566 2202 719 2282 editionis,
741 2203 884 2291 adposito
904 2207 935 2269 S.
949 2203 1038 2268 Pauli
1052 2205 1095 2267 ad
1111 2205 1170 2268 Co-

131 2225 203 2355 litur.
217 2288 260 2353 iv.
277 2291 307 2353 8.
322 2289 386 2354 Ὃν
408 2290 530 2372 ἔπεμψα
548 2290 621 2372 πρὸς
639 2294 713 2370 ὑμᾶς
732 2294 773 2358 εἰς
792 2291 862 2354 αὐτὸ
881 2295 978 2368 τοῦτο,
993 2293 1043 2355 ἵνα
1057 2295 1117 2375 yves)
1132 2293 1170 2353 τὰ

131 2378 200 2458 περὶ
213 2378 304 2456 ὑμῶν.
343 2375 406 2440 Sed
420 2375 497 2439 nihil
510 2375 561 2440 hic
575 2375 759 2439 mutandum
775 2377 911 2440 videtur.

177 2464 215 2526 P.
233 2481 284 2528 νο.
306 2461 327 2526 l.
344 2482 374 2528 ν.
397 2462 586 2545 ὠφεληθῆναι
611 2462 786 2547 δυνήσεσθε]
815 2464 1006 2548 Anonymus
1029 2457 1170 2546 martyrii

134 2549 174 2612 B.
190 2547 308 2634 Ignatii
320 2547 491 2636 descriptor
505 2547 581 2633 legit
596 2548 838 2629 ὠφεληθήσεσθε,
854 2547 1012 2634 quomodo
1026 2559 1058 2609 et
1072 2547 1171 2610 Vetus

135 2633 301 2721 Polycarpi
318 2635 477 2721 Interpres
490 2633 639 2713 reddidit,
655 2655 694 2697 ea
712 2635 824 2720 quibua
841 2655 981 2722 magnas
1003 2633 1089 2697 uobis
1109 2635 1171 2697 erit

173 2730 301 2785 uectus.
325 2722 452 2785 Ussnn.
895 2751 902 2765 ·

129 2743 174 2808 pr
198 2805 264 2870 bid.
279 2806 301 2870 l.
320 2827 369 2871 11.
393 2830 487 2894 quem
500 2806 533 2869 in
548 2818 730 2892 praesentem
746 2805 828 2870 diem
844 2804 1057 2870 commendavi
1071 2804 1170 2884 vobis,

134 2905 167 2957 et
180 2915 264 2956 nunc
278 2893 474 2991 commendo]
494 2894 576 2955 Cum
595 2891 628 2955 in
649 2892 788 2980 principe
807 2892 936 2980 aliisque
950 2891 1171 2957 vetustioribus

135 2978 324 3043 editionibus
344 2978 440 3065 hujus
460 2978 732 3066 mterpretationis,
753 2994 785 3043 et
809 2980 850 3044 sd
872 2979 1041 3066 marginem
1064 2977 1172 3042 editio-

136 3087 212 3129 num
238 3064 357 3151 aliquot
382 3064 556 3153 Polycarpi,
578 3078 664 3130 extet
688 3067 723 3128 in
745 3076 931 3153 presentem
953 3066 1034 3129 diem
1056 3067 1171 3151 proin

129 3153 296 3238 prementi,
319 3150 403 3214 idem
426 3151 578 3215 revocavi.
623 3154 767 3216 Fortasse
788 3152 870 3216 enim
892 3151 1054 3237 scripserat
1074 3148 1172 3236 Poly·

137 3260 260 3324 carpum
276 3237 312 3300 ὃν
332 3237 419 3320 μέχρι
436 3243 489 3301 τοῦ
507 3239 652 3319 παρόντος
671 3241 739 3318 ὑμῖν
758 3237 934 3317 σννέστηκα,
954 3238 1000 3300 καὶ
1021 3235 1073 3300 νῧν
1092 3238 1173 3300 συνί-

137 3349 237 3404 στημι.
279 3323 341 3386 Sed
355 3336 513 3410 comparet
531 3323 563 3386 in
583 3324 681 3387 MSto
700 3336 804 3387 nostro
827 3321 1062 3408 Magdalenensi
1076 3319 1174 3385 altera

137 3408 241 3487 lectio,
260 3411 297 3473 in
312 3411 490 3497 praeenti‚·
513 3422 702 3496 vertuntque
716 3408 853 3473 Wakius
871 3422 903 3472 et
925 3407 1173 3488 Clementsonus,

136 3496 174 3558 tn
189 3496 239 3559 tlte
253 3505 384 3584 present
405 3517 421 3558 e
443 3497 524 3574 tutte,
538 3498 574 3559 in
617 3497 743 3560 raeaenti
757 3496 904 3582 epistolu;
928 3495 1042 3559 rectius
1057 3509 1173 3574 autem,

137 3581 172 3645 ni
184 3581 286 3660 fallor,
301 3581 396 3646 habet
439 3583 526 3646 avius
539 3582 586 3645 tn
623 3591 683 3660 rto,
698 3603 794 3731 aeplqte
809 3583 918 3645 adhoc.

182 3668 264 3733 lbid.
283 3667 305 3733 l.
325 3685 375 3754 15.
399 3667 572 3732 Incolumes
586 3682 683 3733 estote
697 3667 728 3730 in
777 3668 881 3732 omino
895 3670 918 3732 J
920 3691 974 3732 esu
991 3666 1127 3746 Christo,
1142 3667 1175 3731 in

138 3755 250 3839 gratia,
266 3777 338 3818 cum
355 3754 499 3819 omnibus
518 3754 638 3839 vestris]
662 3757 702 3818 In
724 3754 836 3818 Latino
857 3754 961 3818 codice
976 3754 1020 3818 D.
1038 3754 1176 3818 Alexan-

139 3840 190 3903 dri
212 3841 334 3905 Petavii
355 3855 421 3906 tota
442 3840 572 3928 epistola
591 3841 635 3905 ita
655 3840 861 3904 concluditur.
889 3842 1063 3905 Incolumes
1084 3849 1177 3904 estote

140 3928 176 3988 in
199 3927 338 3991 Domino
359 3930 439 3992 desa
466 3927 613 4001 Cirtam
636 3936 666 3991 et
683 3930 798 4015 grotta
818 3929 921 4014 ipatus
942 3950 1012 3991 cum
1033 3927 1176 3991 omntbm

141 4014 238 4078 vota.
262 4013 387 4078 Ussna.
433 4014 577 4077 Fortasse
593 4014 704 4077 Graece
718 4013 952 4077 constituendus
964 4013 997 4076 in
1011 4013 1095 4075 hunc
1109 4033 1175 4073 mo·

143 4097 219 4163 dum
239 4113 326 4165 totus
344 4099 430 4164 locus
448 4112 515 4173 est;
534 4098 689 4181 Ἐρῤωσθε
712 4103 745 4163 ἓν
764 4102 861 4186 Κυρίῳ
880 4099 981 4180 Ἰησοῦ
999 4101 1127 4183 Χριστῷ,
1144 4099 1178 4161 ἐν

143 4184 251 4268 χάριτι,
274 4190 349 4266 μετὰ
369 4185 487 4251 πάντων
508 4191 567 4250 τῶν
587 4185 742 4268 ὑμετέρων.
787 4187 926 4250 Verbum
944 4184 1027 4248 enim
1049 4185 1179 4266 ἔρρωσθε
