2678 4830
260 325 312 388 IN
337 323 680 389 TERTULLIANI
705 325 769 388 DE
793 324 1056 389 ORATIONE.
1124 327 1184 397 171

141 510 208 559 tum
230 517 305 572 vera
326 495 394 581 ejus
416 495 512 559 verba
533 495 637 559 adhuc
659 493 830 582 quaerenda
851 495 923 560 sint.
968 494 1095 581 Quippe
1113 519 1186 560 cum

140 579 310 668 Rigaltins,
332 581 423 667 cujus
445 580 540 644 editio
565 604 675 646 norma
696 580 758 644 fuit
779 594 812 644 et
833 579 943 667 regula
964 580 1187 669 plerarumque

139 680 212 754 post
224 667 449 753 prodeuntium
464 666 806 753 editionum,*qnamvis
817 690 910 731 verus
920 665 1109 731 Tertulliani
1123 691 1188 732 sos-

140 752 256 840 pitator
276 753 303 816 is
324 767 408 819 recte
428 752 527 840 possit
545 752 618 830 dici,
632 775 847 839 saepenumero
869 753 935 817 sine
953 752 1073 817 sontica
1093 777 1188 818 cause

140 837 303 926 pristinam
321 838 484 903 lectionem
504 838 684 903 eliminavit.
731 839 932 925 Quapropter
952 838 1117 925 diligenter
1130 863 1186 904 ex-

140 924 279 988 cutiendi
290 939 364 988 sunt
373 924 445 988 libri
458 924 546 1002 editi,
555 938 593 988 ut
602 947 678 988 vera
690 923 793 1001 lectio,
802 925 907 1009 quoad
919 924 988 1011 ejus
997 924 1065 989 fieri
1076 926 1186 1011 possit,

40 1062 44 1068 .
141 1010 269 1074 demum
288 1023 430 1074 eruatur.
474 1010 568 1088 Quod
589 1010 735 1073 nimirum
751 1033 811 1096 ego
826 1009 945 1074 efficere
959 1023 1089 1074 conatus
1104 1032 1189 1092 sum,

141 1096 218 1161 dum
233 1096 313 1160 duos
327 1096 420 1160 hosce
433 1095 553 1161 libellos
568 1119 640 1160 sane
654 1096 796 1183 egregios
809 1096 880 1161 edo.
924 1099 1019 1161 Certe
1033 1096 1066 1159 id
1081 1112 1186 1162 osten-

141 1205 234 1246 surus
257 1204 338 1258 sum,
364 1181 510 1268 expulsas
531 1181 628 1246 fuisse
650 1204 670 1245 a
693 1181 844 1268 Rigaltio,
868 1182 922 1246 sed
946 1196 978 1246 et
1003 1197 1076 1246 ente
1100 1204 1186 1262 eum,

140 1290 160 1332 a
183 1266 334 1346 Pamelio,
357 1267 507 1354 plurimas
529 1268 735 1332 vetustiorum
758 1268 929 1332 editionum
953 1267 1110 1346 lectiones,
1131 1282 1188 1334 eut

142 1376 240 1433 veras,
258 1367 314 1417 aut
334 1353 367 1416 in
390 1352 506 1439 quibus
531 1353 639 1417 saltem
662 1368 805 1418 extarent
826 1377 908 1418 verae
930 1353 1069 1418 lectionis
1090 1354 1185 1419 vesti·

163 1439 203 1518 'a,
219 1453 256 1503 ut
270 1460 361 1502 novae
379 1461 416 1503 ec
432 1438 518 1502 falsae
536 1440 756 1504 subderentur.
801 1442 954 1504 Attamen
974 1439 1017 1503 nil
1035 1439 1184 1504 dubitan-

165 1548 219 1589 um
234 1538 291 1603 est,
307 1523 384 1611 quin
403 1524 464 1588 ini
504 1525 530 1588 is
550 1525 709 1589 codicibus
728 1525 947 1612 manuscriptis
966 1549 984 1588 e
1003 1526 1142 1590 Pemelio
1155 1540 1188 1590 et

142 1611 282 1698 Rigaltio
304 1610 449 1675 adductis
481 1610 588 1675 ibrarii
610 1609 724 1674 multas
741 1610 887 1675 lectiones
910 1610 958 1674 vel
980 1633 1115 1689 mancas,
1138 1612 1188 1676 vel

141 1697 334 1761 obscuriores
349 1695 407 1760 sibi
420 1696 499 1759 visas
513 1696 678 1782 corrigere,
690 1697 753 1759 imo
768 1712 977 1783 eorrumpere,
993 1698 1061 1761 ausi
1075 1712 1187 1762 essent.

142 1783 335 1869 Ubicunque
350 1806 424 1847 vero
439 1781 570 1869 Rigaltii
591 1781 682 1846 lectio
701 1805 720 1845 a
739 1805 789 1846 me
804 1782 852 1847 vel
874 1782 1050 1869 repudiata,
1066 1784 1115 1848 vel
1130 1783 1188 1847 im-

141 1882 262 1933 mutata
286 1868 392 1942 fuerit,
416 1868 449 1932 id
474 1890 637 1954 nunquam
661 1890 723 1931 non
752 1867 821 1932 loco
849 1891 906 1933 suo
927 1869 1185 1944 commemoravi,

141 1953 184 2018 ibi
209 1954 350 2040 quidem,
373 1954 427 2018 sed
452 1977 524 2018 raro
548 1953 633 2031 alibi,
655 1953 795 2017 lectionis
816 1953 997 2019 varietatem
1022 1954 1189 2042 diligenter

140 2040 312 2105 excutiens.
358 2043 409 2104 Ita
431 2063 472 2104 ue
491 2052 597 2104 textus
614 2062 702 2104 meus
723 2039 856 2126 Rigaltii
877 2055 935 2119 est,
950 2040 1009 2104 nisi
1023 2041 1109 2126 quod
1124 2041 1187 2105 fre·
1222 2071 1233 2084 -·

141 2140 274 2213 quenter
293 2126 340 2204 fit,
362 2139 399 2190 ut
410 2064 508 2190 lectio
525 2125 657 2213 pristina
676 2139 821 2189 revocata
839 2148 858 2189 a
877 2148 927 2188 me
941 2126 1047 2204 fuerit,
1063 2141 1119 2190 eut
1134 2149 1188 2189 vo-

104 2275 107 2277 ,
142 2235 192 2276 ces
214 2211 359 2276 editionis
379 2211 528 2298 principis
549 2212 582 2274 in
602 2233 739 2298 praesens
757 2211 817 2275 sint
835 2211 1024 2290 substitutae,
1040 2235 1105 2298 quo
1119 2235 1187 2275 cer-

141 2298 204 2362 tius
225 2313 257 2362 et
278 2297 402 2362 facilius
423 2321 497 2362 vera
519 2297 709 2361 Tertulliani
730 2297 894 2383 scriptura,
917 2296 1036 2361 collatis
1057 2297 1188 2383 posteris

141 2383 341 2461 editionibus
363 2397 503 2449 eruatur.
555 2383 688 2448 Utinam
712 2382 789 2446 mihi
810 2383 903 2446 etiam
925 2381 1031 2468 plures
1052 2382 1188 2446 auctoris

36 2509 40 2515 -
141 2470 238 2568 ἧψε
251 2469 402 2534 editiones
415 2484 530 2556 praesto
543 2484 655 2547 essent,
672 2469 806 2532 maxime
822 2468 1006 2554 Gagneiana
1024 2467 1077 2531 illa
1096 2467 1187 2532 Pari-

142 2579 194 2620 sns
208 2578 290 2620 anno
308 2556 389 2640 1548
406 2556 490 2642 typis
504 2555 673 2642 impressa;
693 2569 730 2618 nt
744 2554 822 2619 nihil
837 2556 876 2619 de
891 2553 977 2618 libris
995 2553 1118 2640 scriptis
1132 2555 1188 2618 ad-

141 2642 227 2720 dam,
243 2642 359 2728 quibus
373 2664 464 2706 nemo
477 2654 549 2729 post
564 2640 740 2728 Rigaltium
753 2638 786 2703 in
802 2641 953 2705 alterutro
967 2640 1081 2704 horum
1096 2639 1186 2705 libel-

142 2727 244 2792 lorum
260 2727 382 2792 edendo
397 2751 473 2792 usus
487 2741 545 2806 est,
558 2742 589 2790 et
603 2748 739 2812 quorum
754 2725 846 2806 nulli,
857 2725 944 2812 quod
956 2725 1060 2825 sciam,
1072 2740 1187 2814 praeter

142 2835 242 2877 unum
257 2813 425 2910 Apologiae
441 2812 666 2878 Tertullianeae
680 2834 775 2898 penes
796 2835 847 2875 me
867 2812 1015 2890 codicem,
1031 2836 1064 2876 m
1082 2827 1188 2877 nostra
1294 2853 1296 2856 ν

143 2899 305 2963 Britannia
320 2913 497 2985 supersunt.
535 2902 646 2985 Atque
661 2898 706 2962 ita
718 2921 784 2961 rem
799 2897 848 2962 vel
862 2896 936 2961 olim
952 2898 1097 2963 habuisse
1110 2920 1186 2962 con·

143 2998 223 3058 stat;
246 3007 317 3047 nam
336 2985 409 3049 anni
429 2985 528 3071 magis
547 2985 675 3050 ducenti
691 2999 775 3062 sunt,
791 3007 864 3048 cum
879 2983 977 3048 simile
989 2984 1068 3070 quid
1084 3007 1188 3048 narra-

142 3072 188 3134 vit
207 3073 347 3134 Joannes
367 3070 523 3157 Lloydius
543 3071 626 3135 Novi
648 3070 768 3157 collegii
788 3069 899 3148 socius,
914 3069 963 3134 vir
977 3070 1186 3149 doctissimus,

141 3156 174 3220 in
189 3156 319 3242 epistola
332 3156 373 3219 ad
395 3157 595 3220 Franciscum
609 3158 633 3220 J
635 3157 755 3221 unium.
781 3157 988 3234 Tertulliani,
1002 3156 1118 3241 inquit,
1133 3158 1187 3219 ai-

141 3243 188 3306 lril
200 3244 366 3329 quicquam
377 3252 433 3320 est,
446 3252 504 3306 aut
510 3263 609 3329 penes
624 3263 682 3319 me,
697 3251 754 3305 out
767 3245 804 3304 in
817 3242 876 3304 linc
889 3250 1000 3306 nostro
1012 3243 1186 3318 madenia,

141 3337 200 3393 aut
220 3329 303 3392 alias
325 3349 459 3414 usquam
480 3350 501 3390 a
523 3349 572 3391 me
591 3329 705 3392 visum.
735 3328 891 3414 Epistoloe
907 3327 1186 3391 Celeberrimorwm

148 3417 293 3477 Virorum
318 3434 358 3477 err
383 3415 511 3477 scriniis
535 3415 584 3477 lit.
611 3415 693 3476 Juni
715 3414 849 3476 Brantii
873 3414 979 3477 Amst.
1006 3427 1086 3497 1715
1112 3414 1185 3478 8vo.

142 3499 247 3586 Epist.
263 3499 304 3562 xi.
327 3523 362 3586 p.
378 3514 432 3584 52.
473 3501 626 3562 Attamen
649 3499 810 3584 quondam
835 3497 973 3562 extitisse
997 3498 1030 3561 in
1056 3496 1187 3585 collegio

143 3584 321 3649 Balliolensi
343 3584 459 3650 Oxonii
480 3583 548 3647 cod.
571 3585 646 3648 MS.
666 3583 774 3648 saltem
795 3583 963 3671 Apologiae
986 3583 1186 3664 Tertulliani,

141 3694 181 3734 ex
197 3670 268 3734 libri
282 3671 423 3757 ejusdem
438 3669 574 3734 editione
590 3669 783 3734 Heraldiana
796 3684 927 3734 constat.
1139 3709 1141 3712 >

186 3756 280 3835 Quod
300 3757 413 3822 attinet
430 3756 471 3821 ad
489 3755 629 3820 libellum
646 3755 742 3842 priori
756 3756 825 3820 loco
838 3755 890 3820 hic
904 3755 1036 3834 editum,
1050 3757 1089 3820 de
1106 3758 1187 3820 Orn-

142 3845 225 3907 tione
246 3858 476 3930 nuncupatum,
492 3841 626 3905 eundem
649 3865 668 3906 a
689 3841 886 3906 Tertulliano
907 3842 1118 3929 conscriptum
1137 3842 1187 3906 fu-

27 3983 29 3986 .
141 3927 200 3992 isse
215 3942 287 3993 ante
302 3929 332 3992 le
355 3952 424 3993 sum
439 3929 508 4014 ejus
522 3927 562 3992 ad
579 3927 840 4005 Montenismum‚
856 3950 963 3991 omnes
979 3929 1186 3994 consentiunt.

144 4015 178 4076 Is
193 4013 318 4078 videtur
331 3953 459 4078 liomilia
472 4037 548 4091 esse,
563 4035 618 4076 seu
633 4036 734 4077 sermo
747 4013 787 4078 ad
802 4028 920 4077 ooetum
937 4013 1187 4078 Christianorum

142 4097 280 4177 habitus,
303 4100 389 4187 quod
418 4099 508 4164 nobis
532 4097 649 4163 indicat
675 4121 748 4162 cum
770 4098 855 4162 istud
879 4098 913 4162 in
935 4121 1004 4185 cap.
1026 4119 1054 4160 1.
1076 4099 1188 4162 Consi-

143 4184 286 4248 deremus
310 4188 426 4272 itaque,
448 4185 610 4263 benedicti,
633 4197 702 4248 tum
721 4183 865 4271 opusculi
885 4182 1050 4248 conclusio.
1095 4182 1187 4246 Idem

143 4292 282 4355 quoque,
304 4285 340 4334 ut
361 4271 461 4334 obiter
485 4271 545 4335 hoc
570 4284 687 4349 notem,
708 4270 750 4334 de
771 4273 802 4335 S.
820 4268 972 4357 Cypriani
995 4281 1129 4334 tractatu
1151 4267 1189 4332 de
