2678 4830
220 332 273 396 IN
291 327 534 395 TERTULL.
549 328 614 392 DE
631 328 924 394 PRAESCRIPT.
942 330 1071 395 HAER.
1115 332 1179 402 189

128 505 184 592 qai
199 504 315 590 'abique
334 509 390 564 est.
412 502 519 588 Epist.
532 499 565 563 ii.
580 501 624 564 ad
638 475 803 565 Iamiliam
820 524 853 588 p.
869 486 882 564 i
887 521 920 587 5.
967 504 1013 566 At
1033 525 1119 582 vero,
1141 519 1177 570 ut

130 590 272 740 Riqpltio
291 586 394 651 locum
416 586 591 652 restituenti
611 587 717 674 potius
736 587 897 666 assentiar,
914 587 990 651 mihi
1005 591 1117 655 suadet
1131 591 1177 655 vis

129 700 184 741 ver
206 676 217 739 i
239 675 387 739 convenio
412 697 452 737 ex
475 687 622 759 quatuor,
640 673 691 738 vel
737 674 865 760 uinque,
887 674 1076 740 Tertulliani
1101 676 1177 741 locis

129 777 239 837 eruta;
270 782 407 847 quorum
430 758 551 847 primus
570 773 657 824 extat
675 697 810 824 inlibro
824 761 1018 846 deJejaniis
1041 786 1107 849 cap.
1126 784 1175 848 13.

113 851 213 913 ‘Ecce
227 849 322 923 enim,
337 845 368 909 in
394 845 452 924 uit,
466 845 617 910 convenio
632 868 687 910 vos
707 855 736 910 et
753 855 873 932 praeter
887 849 1010 934 pascha
1019 851 1177 935 jpjanan-

74 932 77 940 “
131 946 186 1000 tes.
222 933 315 998 Alter
334 869 440 996 inlib.
455 932 504 996 11.
521 933 620 996 Ades.
635 934 797 997 Marcion.
813 955 881 1020 cap.
896 950 944 1016 17.
955 935 1103 1021 Repende
1120 958 1177 999 aa·

130 1033 187 1086 tem
211 1021 392 1085 austeritati
416 1020 591 1092 lenitatem·
640 1041 716 1082 amm
741 1028 910 1106 atramque
937 1022 1117 1086 conveneris
1140 1025 1177 1086 in

132 1110 292 1179 Creatore,
301 1106 444 1168 invenies
455 1106 490 1167 in
502 1125 536 1168 eo
548 1114 579 1169 et
590 1042 681 1182 adra,
691 1114 826 1192 propter
837 1106 919 1193 qnod
929 1107 1064 1171 alteram
1071 1110 1177 1172 Deam

129 1195 252 1266 credam·
283 1191 394 1256 tertius
418 1205 524 1255 autem
548 1191 581 1254 in
608 1191 661 1255 lib.
685 1193 723 1255 de
746 1193 853 1256 Carne
876 1193 1010 1271 Christi,
1038 1217 1107 1281 cap.
1128 1216 1176 1259 11.

130 1281 197 1346 Sed
215 1279 313 1343 aliam
332 1279 639 1366 argumentationem
656 1299 763 1342 eornm
785 1278 998 1358 convenimus,
1016 1284 1178 1369 adigentes

130 1391 188 1431 car
204 1368 260 1429 &a
317 1366 457 1442 Quartus
478 1363 614 1450 denique
635 1363 668 1427 in
688 1362 744 1428 lib.
764 1365 801 1427 de
827 1367 1020 1429 Testimonio
1039 1369 1176 1446 Anima,

130 1477 197 1540 cap.
214 1452 271 1516 ult.
289 1451 371 1516 Cam
392 1452 475 1514 caim
495 1452 585 1515 times
594 1452 677 1537 fieri
694 1451 909 1529 Christianus,
925 1474 992 1515 eam
1011 1453 1176 1540 (animam)

130 1538 271 1616 conveni,
286 1560 346 1601 car
366 1537 466 1601 aliam
484 1538 584 1601 colens
598 1539 704 1600 Deam
717 1539 883 1610 nominat,·
906 1561 976 1602 cam
995 1541 1179 1604 maledicen-

131 1628 186 1690 dos
200 1627 336 1712 spiritns
361 1625 498 1701 denotat,
523 1624 678 1688 damonia
696 1626 900 1710 pronuntiat,
923 1646 982 1688 car
1002 1626 1046 1689 ad
1066 1628 1177 1691 catam

130 1721 342 1784 contestatar;
366 1719 396 1774 et
409 1710 453 1773 ad
467 1720 585 1794 terram
600 1710 792 1782 detestatam
809 1732 867 1774 aar
880 1701 957 1774 aiibi
973 1714 1082 1790 servit,
1097 1715 1178 1778 alibi

131 1800 286 1862 vindicem
301 1796 456 1861 convenit.
502 1797 542 1860 In
562 1819 627 1883 quo
647 1795 774 1882 quidem
795 1795 863 1860 loco
883 1796 1013 1861 verbum
1029 1803 1178 1864 convenia

130 1909 201 1949 cum
228 1907 320 1948 sensu
344 1884 521 1947 accersendi
546 1881 684 1982 positum
709 1881 846 1961 videtur,
872 1883 1008 1969 Anglice
1033 1907 1177 1966 convene,

130 1973 163 2035 in
183 1971 237 2035 illo
256 1994 339 2047 vero,
360 1969 400 2034 de
421 1992 486 2056 quo
505 1992 639 2055 agimus,
660 1968 741 2033 valet
760 1968 843 2032 idem
863 1984 959 2056 atque
973 1972 1178 2057 deprehendo,

131 2081 197 2136 seu,
213 2059 292 2121 milti
307 2058 456 2121 occurrit.
495 2056 548 2119 lta
560 2070 592 2120 et
606 2069 725 2144 postea,
740 2055 796 2119 ubi
809 2057 989 2121 haereticum
1003 2059 1177 2139 convenire,

130 2160 241 2209 auctor
256 2143 361 2222 habet,
376 2165 446 2230 cap.
463 2145 513 2207 16.

176 2233 213 2296 Ρ.
229 2229 339 2313 12701.
355 2229 407 2293 18.
431 2243 462 2293 et
478 2227 569 2292 velim
585 2227 629 2292 sic
647 2250 815 2314 nusquam,
831 2228 921 2315 quasi
941 2228 996 2316 qui
1017 2252 1178 2318 nunquam

132 2316 407 2405 apprehenderim]
433 2317 485 2379 Ita
506 2314 582 2378 edit.
605 2314 705 2378 Paris.
728 2337 810 2378 anno
836 2317 917 2399 1566
943 2315 1027 2402 typis
1052 2340 1178 2398 excusa,

132 2403 339 2491 probantibus
350 2403 373 2465 J
375 2401 450 2466 unio
460 2415 491 2465 et
508 2399 645 2465 Semlero
659 2400 692 2464 in
709 2401 818 2464 Indice
833 2423 890 2464 suo
905 2401 1085 2468 Latinitatis
1098 2406 1180 2469 Ter-

111 2547 113 2553 ,
134 2489 290 2554 tullianeae
305 2514 337 2553 v.
353 2491 528 2553 convenire.
575 2488 730 2574 Idemque
749 2487 880 2573 conjecit
902 2487 1068 2573 legendum
1093 2492 1181 2555 Lati-

133 2600 194 2641 nus
213 2576 369 2652 Latinius,
385 2597 457 2639 cum
477 2572 645 2638 invenisset
659 2575 756 2638 velint
774 2597 832 2660 pro
850 2575 942 2639 uelim
957 2574 988 2638 in
1004 2575 1078 2640 edit.
1093 2579 1180 2664 prin.

133 2664 202 2751 cipe
220 2662 437 2728 Rhenaniana.
459 2664 533 2748 Ego
548 2662 597 2725 uel
610 2659 733 2735 malim;
750 2659 807 2724 etsi
822 2659 916 2725 habet
931 2661 1027 2726 editio
1042 2664 1179 2730 Franek.

133 2759 164 2814 et
183 2750 284 2814 velint
303 2772 351 2812 me
373 2751 419 2812 sic
438 2768 503 2812 csse
516 2769 683 2834 nmquam,
699 2749 791 2846 quasi
807 2749 863 2810 &a
910 2748 1021 2813 Posuit
1035 2773 1108 2814 vero
1124 2751 1181 2815 Ri-

133 2835 259 2924 galtius,
275 2851 436 2922 praeeunte
452 2834 645 2912 Wouwerio,
661 2856 717 2920 qur
731 2846 792 2897 vet.
808 2832 944 2897 codicem
963 2848 1072 2901 testem
1093 2836 1179 2916 citat,

134 2932 164 2987 et
177 2922 264 2987 velut
279 2922 304 2987 si
319 2944 486 3009 nusquam,
503 2937 534 2985 et
548 2923 640 3008 qnasi
654 2922 709 3007 qai
724 2942 886 3007 nunqnam
907 2923 1177 3020 apprehenderim.

136 3008 251 3073 Itidem
279 3009 453 3073 Rhenanus
479 3008 520 3071 ad
544 3030 631 3071 oram
657 3006 757 3071 tertiae
786 3030 851 3070 suae
876 3007 1020 3073 editionis
1048 3010 1179 3085 Basileae

135 3118 217 3160 anno
242 3098 323 3180 1528
348 3095 431 3182 typis
449 3093 606 3181 impressae
627 3093 767 3157 voluerat
787 3093 861 3180 legi,
884 3103 914 3158 et
933 3094 1021 3160 velut
1040 3096 1083 3160 sic
1104 3120 1180 3162 nns-

154 3192 250 3255 aam,·
273 3182 306 3245 in
322 3180 584 3246 Annotationibus
599 3203 673 3245 vero
687 3179 727 3245 ad
743 3179 794 3243 ed,
810 3202 896 3243 suam
920 3179 1061 3246 ultimam
1082 3183 1179 3248 male·

134 3205 190 3333 bat
203 3268 429 3355 reponendum,
444 3269 499 3332 sed
513 3267 610 3330 veluti
629 3267 668 3331 sit
685 3288 862 3353 naaqaam;
887 3265 964 3329 dum
987 3267 1018 3330 in
1038 3269 1179 3355 ejusdem

135 3355 282 3419 Rhenani
303 3353 492 3419 editionibus
513 3354 643 3440 aliisque
666 3351 888 3417 vetustioribus
904 3353 952 3417 Et
972 3357 1034 3419 erit
1055 3379 1112 3441 pro
1131 3358 1179 3422 Et

134 3465 188 3506 era
211 3456 309 3518 extat,
336 3455 504 3505 annotante
531 3439 679 3518 Semlero,
703 3448 725 3479 “
740 3441 812 3516 erit,
837 3437 962 3517 scilicet,
987 3439 1065 3505 illud
1092 3443 1179 3528 quod

135 3538 157 3568 “
170 3529 306 3616 quaer0.''
335 3530 453 3592 Verum
467 3526 662 3613 praeferenda
677 3524 753 3589 mihi
766 3524 892 3589 videtur
905 3524 997 3590 lectio
1010 3551 1158 3616 praesens.

178 3617 219 3679 P.
240 3616 308 3680 128.
331 3615 351 3678 l.
369 3617 400 3678 6.
423 3613 581 3702 quianon
603 3612 737 3695 invenit]
761 3611 932 3699 Rescripsit
955 3615 1047 3677 docta
1068 3638 1180 3680 manus

134 3703 273 3766 inveniet
287 3701 328 3765 ad
342 3723 429 3765 oram
444 3700 518 3764 edit.
534 3699 682 3787 principis
696 3721 790 3786 penes
810 3700 937 3762 Novum
955 3699 1131 3789 Collegium
1145 3702 1179 3766 in

136 3787 270 3864 Oxonio,
286 3788 371 3874 quod
388 3787 438 3852 hic
451 3786 564 3874 placet.

179 3873 263 3939 Ibid.
280 3874 301 3937 l.
315 3893 366 3940 22.
383 3876 487 3938 Nemo
496 3873 569 3937 inde
579 3872 692 3937 instrui
706 3885 809 3959 potest
824 3873 909 3938 unde
923 3873 1109 3958 destruitur]
1123 3876 1178 3938 In-

134 3963 218 4023 strai
238 3959 342 4046 posuit
363 3960 532 4048 Rigaltius,
547 3958 635 4045 quod
677 3958 781 4024 uidem
802 3960 972 4046 praestabat
987 3959 1060 4024 edit.
1076 3961 1176 4024 Paris.

135 4058 166 4109 et
187 4047 340 4110 referente
361 4045 511 4126 Pamelio,
526 4048 602 4110 MS.
680 4044 912 4132 .Anglicanus‚
929 4046 983 4110 sed
1000 4069 1072 4110 vere
1092 4048 1177 4110 Ter·-

135 4131 331 4208 tullianeum‚
346 4132 389 4197 ait
408 4133 470 4212 ille,
486 4148 533 4197 est
554 4134 649 4197 strui.
695 4134 768 4196 Hoc
790 4132 884 4197 etiam
904 4132 1024 4197 invenit
1043 4132 1076 4194 in
1099 4133 1177 4196 MS.

135 4242 192 4283 suo
207 4218 419 4298 Wouwerius,
441 4220 617 4306 probatque
641 4218 719 4305 ipse,
741 4232 849 4282 contra
873 4242 969 4305 quam
994 4219 1178 4284 adnotatum

134 4305 232 4371 estin
253 4304 329 4369 edit.
345 4305 488 4370 Halensi.
533 4306 592 4370 Est
607 4305 682 4370 edit.
719 4303 796 4369 rinei
818 4304 845 4370 is
863 4303 966 4387 lectio,
980 4327 1113 4393 eamque
1132 4328 1180 4370 rc-

134 4392 305 4460 vocandam
317 4390 409 4479 jussi,
424 4390 595 4459 sed'errore
608 4327 782 4481 typotietae
794 4328 924 4460 ilustra.
