2678 4830
491 310 556 374 DE
580 310 842 375 ORATIONE.
1127 314 1191 381 107

145 479 289 551 fornace
317 477 513 578 Babylonii
544 479 637 580 regis
665 493 805 553 orantes
837 506 921 554 curn
952 481 1124 554 sarabaris
1154 496 1192 557 et

145 593 255 693 tyaris
274 592 346 666 suis
364 592 567 668 exaudivit!

196 709 291 782 Item
316 708 414 807 quod
437 708 622 809 adsignata
644 712 816 798 oratione,
834 711 1013 786 assidendi
1035 740 1114 787 mos
1137 728 1192 789 est
1235 735 1318 785 car.

146 823 375 921 quibusdam,
392 851 466 897 non
483 824 662 924 perspicio
678 828 874 915 rationem3
896 827 965 901 nisi
983 828 1013 902 si
1032 829 1189 904 Hermas
1199 800 1327 915 negti

119 943 218 1034 silla,
231 943 335 1039 cujus
356 945 532 1043 scriptura
548 945 622 1017 fere
639 945 766 1017 Pastor
782 943 998 1035 inscribitur,
1012 957 1190 1020 transacta
1197 932 1296 1046 {m
1307 952 1318 972 '¹
1334 953 1337 971 ²

146 1058 307 1132 oratioue
329 1086 403 1131 non
427 1086 535 1159 super
559 1060 694 1134 lectum
721 1057 920 1149 assedisset,
944 1084 1069 1133 verum
1093 1061 1191 1134 aliud

146 1173 234 1270 quid
248 1172 401 1262 lecisset,
411 1173 449 1246 id
467 1200 613 1272 quoque
631 1174 675 1247 ad
692 1174 977 1248 observationem
991 1174 1191 1250 vindicare-

147 1316 239 1362 mus.
265 1289 405 1386 Utique
417 1315 506 1363 uon:
525 1289 736 1388 simpliciter
752 1288 848 1361 enim
864 1300 901 1360 et
917 1314 1014 1361 nunc
1031 1291 1189 1388 positum

146 1419 211 1496 est,
225 1405 350 1483 Quum
363 1405 584 1493 adorassem,
595 1415 631 1479 et
643 1403 854 1478 assedissem
863 1404 1130 1501 superlectum,
1146 1404 1191 1477 ad

103 1547 138 1586 10
147 1519 310 1593 ordinem
330 1521 553 1610 narrationis,
570 1547 643 1593 non
661 1519 706 1592 ad
724 1519 835 1591 instar
852 1518 1061 1617 discipliuae.
1091 1518 1194 1591 Alio-

147 1635 235 1732 quin
255 1661 433 1732 nusquam
457 1636 526 1708 erit
549 1635 784 1724 adorandum,
804 1634 872 1708 nisi
897 1637 960 1709 ubi
986 1636 1094 1709 fuerit
1118 1636 1193 1709 lec·

147 1761 217 1822 tus.
268 1748 352 1822 Imo
378 1761 503 1822 contra
527 1748 740 1848 scripturam
767 1749 902 1839 fecerit,
920 1750 948 1823 si
972 1751 1052 1847 quis
1073 1750 1112 1822 in
1134 1776 1194 1824 ca-

147 1863 275 1937 thedra
300 1876 363 1936 aut
388 1863 557 1937 subsellio
583 1863 724 1937 sederit.
775 1865 885 1937 Porro
906 1884 1027 1961 quum·
1043 1863 1192 1964 perinde

147 1979 281 2053 faciant
296 1979 472 2069 nationes,
488 1978 642 2052 adoratis
660 1978 874 2077 sigillaribus
898 1979 971 2052 suis
994 1979 1194 2070 residendo,

103 2121 135 2181 15
147 2096 204 2168 vel
232 2080 420 2195 propterea
452 2094 489 2166 in
518 2094 623 2167 nobis
653 2093 867 2191 reprehendi
898 2106 1066 2182 meretur,
1092 2093 1193 2190 quod

147 2207 242 2306 apud
260 2207 356 2279 idola
373 2207 581 2280 celebratur.
619 2208 677 2280 Eo
694 2207 888 2307 apponitur
903 2221 940 2282 et
955 2208 1193 2282 irreverentiae

146 2322 294 2412 crimen,
311 2323 420 2396 etiam
444 2322 531 2421 ipsis
555 2321 773 2412 nationibus,
789 2322 818 2395 si
836 2323 925 2420 quid
942 2335 1119 2423 saperent,
1136 2323 1193 2395 iu·

145 2435 393 2534 telligendum.
445 2434 632 2534 Siquidem
655 2437 849 2510 irreverens
873 2451 929 2511 est
952 2438 1105 2511 assidam
1122 2439 1191 2511 sub

147 2565 355 2650 conspectu,
371 2562 567 2647 contraque
592 2565 825 2651 conspectum
845 2554 934 2650 ejus,
951 2579 1060 2650 quem
1078 2578 1188 2649 quam

101 2699 139 2738 20
148 2666 307 2738 maxime
322 2666 523 2754 reverearis,
541 2691 582 2738 ac
600 2666 797 2752 venereris;
825 2680 963 2764 quanto
987 2666 1102 2765 magis
1123 2668 1192 2741 sub

147 2795 343 2881 conspectu
360 2781 433 2854 Dei
447 2781 530 2870 vivi,
543 2781 671 2879 angelo
685 2781 803 2855 adhue
817 2782 986 2854 orationis
1002 2780 1102 2882 (jor.
1115 2808 1193 2855 ora-
1278 2810 1280 2814 ⁴

147 2896 247 2970 tioni.
264 2896 336 2970 oid.
346 2899 483 2993 notam)
503 2907 654 2985 astante,
670 2896 807 2969 factum
825 2897 923 2970 istud
940 2896 1187 2995 irreligiosissi-

147 3037 249 3084 mum
275 3023 341 3099 est,
363 3010 432 3084 nisi
458 3013 716 3110 exprobramus
742 3012 836 3102 Deo,
862 3011 960 3109 quod
986 3038 1051 3083 nos
1077 3011 1191 3085 oratio

146 3126 358 3223 fatigaverit.

66 3310 69 3317 .
102 3270 135 3332 25
185 3241 301 3339 Atqui
319 3267 403 3316 cum
423 3240 599 3314 modestia
616 3254 653 3315 et
675 3242 881 3315 humilitate
899 3240 1097 3329 adorantes,
1114 3264 1190 3311 ma·
1233 3268 1318 3319 car.

145 3358 198 3456 gis
226 3355 564 3432 commendabimus
590 3356 675 3428 Deo
703 3382 827 3455 preces
853 3368 1005 3444 nostras,
1030 3380 1075 3425 ne
1100 3353 1187 3452 ipsis
1196 3333 1323 3446 Dffls,

145 3472 292 3570 quidem
319 3472 487 3546 manibus
511 3471 702 3545 sublimius
725 3471 826 3544 elatis
846 3467 945 3570 (for.
962 3462 1315 3577 delendumqffighn,

144 3587 207 3659 sed
231 3598 430 3687 temperate
455 3611 497 3660 ac
521 3587 634 3683 probe
657 3584 771 3673 elatis,
789 3611 835 3658 ne
856 3585 958 3657 vultu
980 3584 1128 3681 quidem
1150 3584 1189 3657 in

145 3701 332 3775 audaciam
361 3712 491 3774 erecto.
543 3701 644 3800 Nam
675 3700 737 3772 ille
765 3699 993 3800 publicanus,
1021 3699 1084 3797 qui
1113 3724 1195 3771 non

96 3829 286 3903 30tantum
309 3841 428 3914 prece,
446 3813 509 3887 sed
525 3827 563 3886 et
578 3814 681 3888 vultu
705 3814 917 3888 humiliatus
940 3827 1050 3911 atque
1069 3813 1190 3910 dejec-

143 3944 201 4004 tus
227 3932 361 4020 orabat,
381 3927 611 4025 justificatior
635 3930 812 4027 pharisaeo
836 3929 1092 4029 procacissimo
1116 3928 1189 4000 dis·

144 4046 260 4120 cessit.
311 4048 426 4119 Sonos
455 4044 567 4117 etiam
593 4045 690 4119 vocis
717 4047 897 4142 subjectos
922 4071 1000 4118 esse
1024 4052 1188 4142 oportet;

145 4173 209 4234 aut
224 4161 368 4259 quantis
385 4158 521 4234 arteriis
538 4185 630 4258 opus
653 4175 720 4250 est,
735 4159 766 4235 si
788 4185 855 4258 pro
871 4185 961 4234 sono
978 4154 1188 4233 audiamur?
