2678 4830
238 275 579 352 TERTULLIANI
600 275 665 338 DE
682 275 974 340 PRAESCRIPT.
991 277 1113 341 HAER.
1138 278 1202 353 119

155 453 232 544 ejus
253 448 289 519 in
315 459 434 520 nostra
455 461 643 546 potestate.
695 447 863 520 Haereses
880 475 964 520 vero
982 462 1134 522 mortem
1152 477 1202 524 ae-

155 578 306 647 ternam,
323 576 360 635 et
383 561 526 657 majoris
544 563 638 660 ignis
656 562 816 637 ardorem
837 564 1040 656 inferentes
1059 567 1202 640 malunt

156 679 303 776 quidam
324 677 455 767 mirari,
471 677 569 776 quod
593 679 663 751 hoc
685 679 835 777 possint,
852 706 961 776 quam
982 680 1139 754 devitare
1156 708 1202 754 ne

155 796 316 895 possint:
343 821 425 867 cum
446 794 603 867 habeant
620 795 802 868 devitandi
819 809 1047 893 potestatem.
1094 798 1202 871 Cete-
1249 864 1254 879 ,

129 938 236 1008 5rum
260 911 349 984 nihil
370 912 554 1000 valebunt,
572 913 601 984 si
626 912 702 984 illas
728 925 868 985 tantum
894 914 1010 985 valere
1036 941 1107 987 non
1136 915 1203 987 rni-

156 1040 288 1100 rentur.
318 1029 395 1100 Aut
412 1028 509 1100 enirn
527 1027 615 1100 dum
634 1028 822 1119 mirantur,
836 1029 873 1100 in
891 1029 1099 1102 scandalum
1120 1032 1203 1103 sub·
1308 1096 1311 1107 .

157 1144 427 1216 ministrantur:
456 1157 517 1216 aut
540 1143 627 1240 quia
650 1143 949 1234 scandalizantur,
969 1145 1048 1217 ideo
1070 1146 1203 1219 miran-

156 1274 225 1350 tur,
251 1261 364 1358 quasi,
391 1259 488 1355 quod
515 1273 655 1332 tantum
683 1260 835 1352 valeant,
861 1288 904 1333 ex
934 1262 1054 1381 aliqula
1083 1263 1204 1336 veniat

156 1377 314 1450 veritate.
367 1376 506 1449 Mirum
534 1376 670 1448 scilicet
697 1389 735 1448 ut
761 1379 896 1450 malum
921 1377 1011 1450 vires
1037 1405 1118 1451 suas
1141 1380 1203 1452 lra-
1241 1450 1244 1457 .

113 1496 263 1574 10beat:
291 1492 358 1564 nisi
377 1491 474 1588 quod
493 1491 645 1564 haercses
670 1493 764 1591 apud
792 1519 851 1565 eos
877 1495 1031 1568 multum
1051 1497 1204 1585 valeant,

157 1610 274 1710 quiin
295 1609 365 1681 fide
382 1635 454 1681 non
473 1610 604 1681 valent.
648 1609 691 1681 In
711 1636 836 1708 pugna
853 1610 1019 1708 pugilum
1038 1625 1073 1684 et
1092 1611 1205 1708 gladi·
1247 1682 1251 1689 .

159 1741 311 1815 atorum,
329 1726 543 1824 plerumque
566 1751 637 1796 non
663 1725 748 1822 quia
771 1725 873 1798 fortis
897 1739 962 1814 est,
979 1727 1091 1800 vincit
1112 1727 1205 1824 quis,

155 1855 222 1922 ,aut
235 1842 320 1938 quia
335 1868 405 1913 non
424 1853 544 1939 potest
561 1840 680 1924 vinei;
700 1839 760 1912 sed
779 1840 954 1938 quoniam
973 1841 1033 1913 ille
1051 1843 1112 1938 qui
1131 1841 1204 1914 vic·

158 1973 217 2031 tus
235 1972 300 2048 est,
317 1956 424 2029 nullis
442 1956 576 2028 viribus
593 1956 685 2029 fuit:
713 1956 802 2028 adeo
820 1956 915 2029 idem
936 1955 994 2028 ille
1011 1957 1125 2030 victor
1141 1959 1205 2030 be·

115 2115 147 2175 15
161 2075 347 2187 nevalenti,
362 2085 486 2173 postea
511 2087 751 2171 comparatus,
768 2072 876 2146 etiam
897 2088 1083 2172 superatus
1108 2101 1205 2148 rece-

160 2191 224 2265 dit.
271 2191 358 2263 Non
377 2190 479 2262 aliter
496 2190 646 2262 haereses
665 2190 710 2262 de
728 2189 968 2286 quorumdam
987 2191 1206 2264 infirmitati-

161 2308 227 2379 bus
246 2307 381 2380 habent
398 2306 494 2404 quod
509 2307 640 2396 valent,
654 2306 745 2379 nihil
759 2307 917 2379 valentes
935 2305 963 2378 si
983 2307 1019 2379 in
1039 2308 1129 2379 bene
1147 2334 1207 2380 va-

161 2426 292 2497 lentem
313 2423 422 2496 fidem
442 2424 635 2495 incurrant.

211 2542 337 2614 Solent
362 2539 509 2637 quidem
536 2539 595 2612 isti
622 2538 834 2612 infirmiores
858 2539 966 2612 etiam
991 2539 1035 2611 de
1057 2540 1208 2636 quibus·
1253 2567 1335 2615 car.

113 2658 243 2740 20dam
272 2656 431 2756 personis
458 2658 503 2728 ab
527 2655 652 2728 lraercsi
671 2656 795 2754 captis,
813 2656 981 2729 aedificari
1000 2656 1035 2727 in
1055 2657 1208 2730 ruinam.
1267 2632 1319 2681 ΠΙ·

162 2778 282 2859 Quare
305 2775 366 2848 ille
389 2774 445 2845 vel
470 2773 530 2844 ille
553 2771 765 2862 fidelissimi,
782 2771 1064 2871 prudentissimi,
1083 2786 1120 2846 et
1136 2775 1209 2847 usi·
1275 2823 1277 2827 >

162 2892 329 2965 tatissimi
355 2892 392 2963 in
419 2890 580 2979 ecclesia,
606 2890 642 2961 in
670 2890 769 2964 illam
800 2904 938 2990 partem
969 2890 1209 2965 transierunt?

163 3010 254 3093 Quis
281 3009 350 3082 hoc
377 3007 511 3096 dicens,
536 3034 610 3079 non
636 3006 713 3106 ipse
743 3007 811 3079 sibi
842 3008 1056 3106 respondet3
1092 3035 1210 3106 neque

158 3126 368 3225 prudentes,
395 3151 513 3222 neque
543 3123 679 3214 fideles,
706 3151 823 3222 neque
852 3125 1002 3197 usitatos
1029 3123 1209 3196 aestiman-

118 3280 152 3340 25
163 3242 239 3330 dos,
258 3267 347 3338 quos
367 3240 517 3312 haereses
536 3240 721 3337 potuerint
739 3238 949 3312 demutare?
986 3239 1037 3311 Et
1055 3238 1124 3310 hoc
1142 3237 1210 3309 rni-

164 3384 244 3429 rum
263 3356 419 3455 (opinor)
443 3369 484 3428 ut
506 3357 678 3454 probatus
703 3353 810 3453 aliqui
836 3368 942 3444 retr0,
963 3366 1089 3453 postea
1112 3352 1210 3426 exci-

163 3473 242 3546 dat?
269 3473 353 3546 Saul
374 3474 490 3545 bonus
508 3498 581 3571 prae
599 3471 738 3561 ceteris,
757 3471 866 3544 livore
884 3484 1009 3569 postea
1027 3470 1207 3544 evertitur.
1220 3508 1231 3542 1
1243 3495 1305 3559 mg.
1316 3513 1333 3544 x

156 3589 283 3671 David
300 3589 354 3661 vir
377 3591 492 3661 bonus
517 3587 715 3660 secundum
735 3614 796 3660 cor
818 3586 983 3675 Domini,
1002 3599 1125 3686 postea
1143 3560 1306 3689 cre-{ff}
1327 3581 1339 3669 'J

163 3706 217 3778 dis
243 3718 280 3778 et
309 3705 423 3804 stupri
455 3731 534 3776 reus
564 3717 629 3776 est.
693 3703 863 3776 Salomon
895 3704 994 3776 omni
1024 3703 1148 3801 gratia,
1173 3691 1332 3805 etffiff

116 3821 339 3922 30sapientia
356 3820 509 3892 donatus
534 3847 554 3890 a
581 3819 755 3910 Domino,
773 3819 818 3892 ad
838 3818 1075 3892 idololatriam
1096 3845 1211 3892 amu·
1292 3854 1294 3859 ⁴

164 3939 311 4011 licribus
328 3935 520 4009 inducitur.
572 3935 647 4008 Soli
672 3936 768 4008 enirn
796 3935 866 4008 Dei
894 3935 987 4009 Filio
1006 3936 1212 4009 servabatur

165 4054 241 4126 sine
258 4053 390 4126 delicto
406 4078 626 4151 permanere.
679 4050 777 4134 Quid
802 4077 886 4150 ergo
909 4051 937 4123 si
963 4052 1165 4151 episcopuS,
1183 4049 1212 4121 si

157 4170 350 4258 ,diaconus
368 4169 396 4241 si
415 4168 532 4256 vidua,
552 4167 580 4240 si
600 4168 710 4265 virgo,
730 4167 757 4239 si
780 4167 916 4256 doctor,
935 4167 962 4238 si
988 4165 1094 4239 ctiam
1121 4191 1214 4238 mar-

663 4305 674 4345 1
689 4304 711 4363 4
