2678 4830
167 337 209 402 72
525 330 557 392 S.
574 325 843 391 HIPPOLYTI

166 512 256 608 pois,
287 499 402 585 καθθς
430 500 576 600 εἴπαμεν
606 498 783 601 ἀνωτέρω,
813 494 1002 574 ἀπέσειλεν
1032 493 1053 570 ὁ
1084 488 1213 593 Πατὴρ

166 629 258 736 πρὸς
275 630 456 732 σωτηρίαν
473 626 683 730 ἀνθρώπων.
715 623 833 706 Οὗτος
851 619 910 700 διὰ
923 616 1032 720 νόμον
1045 622 1104 699 καὶ
1116 653 1210 722 προ-

168 764 293 866 φητῶν
311 753 487 859 ἐκηρύχθη
505 750 749 857 παρεσόμενος
767 756 816 834 εἷς
833 747 896 829 τὸν
914 745 1066 847 κόσμον.
1118 746 1211 824 Καθ

167 882 209 965 ὸν
239 885 301 963 οὖν
335 880 469 986 τρόπον
499 879 689 984 ἐκηρύχθη,
725 876 816 957 κατὰ
843 884 970 957 τοῦτον
1001 877 1060 953 καὶ
1089 871 1214 977 παρῶν

167 1012 394 1118 ἐφανέρωσεν
430 1005 554 1088 ἑαυτὸν
585 1010 624 1086 ἐκ
655 1006 833 1109 παρθένου
864 1006 922 1083 καὶ
954 1004 1058 1104 ἁγίου
1091 1000 1237 1086 Πνεύ-5

166 1173 294 1239 ματος,
327 1134 444 1222 καινὸς
476 1134 663 1238 ἄνθρωπος
692 1129 895 1235 γενόμενος,
930 1128 972 1209 τὸ
1004 1127 1070 1229 μέν
1103 1129 1212 1233 οὐραί-

169 1300 243 1346 νιον
275 1265 366 1370 ἔχων
399 1261 440 1343 τὸ
473 1268 640 1368 πατρῷον
669 1264 717 1344 ὡς
750 1256 883 1362 Λόγος,
916 1255 957 1338 τὸ
989 1256 1028 1336 δέ
1060 1259 1214 1358 ἐπίγειον

128 1406 131 1411 ’
168 1396 216 1478 ὡς
247 1395 286 1473 ἐκ
317 1399 475 1472 παλαιοῦ
506 1387 626 1488 Ἀδὰμ
657 1387 716 1467 διὰ
744 1387 924 1491 παρθένου
954 1383 1211 1491 σαρκούμενος.

169 1519 288 1603 Οὗτος
311 1516 499 1621 προελθὼν
524 1523 572 1601 είς
594 1513 732 1614 κόσμον
750 1511 843 1599 Θεὸς
865 1516 903 1592 ἐν
920 1511 1063 1612 σώματι
1081 1513 1212 1619 ἐφανε-

168 1643 281 1748 ριύθρ,
317 1641 504 1748 ἅνθρωπος
535 1644 667 1726 τέλειος
695 1640 895 1746 προελθών·
941 1641 983 1719 ού
1018 1637 1091 1741 γὰρ
1123 1634 1259 1717 κατὰιο

169 1772 375 1877 φαντασίαν
403 1767 426 1869 ἢ
456 1766 607 1873 τροπὴν,
639 1770 724 1846 ἀλλ’
756 1771 900 1868 ἀληθῶς
929 1764 1117 1869 γενόμενος
1147 1765 1212 1844 ἅν·

168 1902 323 2001 θρωπος.

225 2023 284 2125 ιη’.
306 2026 434 2110 Οὕτως
452 2025 514 2103 οὖν
532 2025 590 2102 καὶ
607 2021 653 2102 τὰ
670 2023 876 2126 ἀνθρώπινα
893 2024 1018 2102 ἑαυτοῦ
1036 2023 1099 2101 οὐκ
1116 2024 1214 2101 ἀπα·

168 2152 321 2230 ναίνεται
340 2149 597 2249 ἐνδεικνύμενος
616 2146 709 2234 Θεὸς
729 2146 795 2247 ὧν,
816 2149 875 2229 ὅτε
891 2154 996 2255 πεινᾷ
1013 2151 1072 2227 καὶ
1090 2153 1213 2254 κοπιᾷ,

169 2283 228 2358 καὶ
246 2278 390 2378 κάμνων
408 2283 515 2386 διψᾷ,
537 2280 595 2356 καὶ
613 2281 753 2356 δειλιῶν
772 2275 910 2384 φεύγει,
932 2278 991 2355 καὶ
1007 2273 1213 2381 προσενχό-
1228 2297 1259 2358 15

168 2441 273 2506 μενος
300 2413 479 2503 λυπεῖται,
511 2407 569 2484 καὶ
598 2407 656 2484 ἐπὶ
683 2403 982 2512 προσκεφάλαιον
1008 2403 1169 2483 καθεύδει
1196 2405 1216 2482 ό

104 2612 110 2641 ,¹
170 2532 306 2613 ἄϋπνον
328 2533 420 2637 ἔχων
441 2530 507 2632 τὴν
532 2531 645 2640 φύσιν
668 2535 715 2616 ὡς
734 2529 841 2629 Θεὸς,
866 2534 924 2610 καὶ
948 2532 1119 2634 ποτηρίου
1140 2529 1213 2611 πύ-

170 2666 234 2745 θος
250 2668 470 2763 παραιτεῖται
495 2664 515 2738 ὁ
542 2660 601 2739 διὰ
624 2668 728 2739 τοῦτο
745 2657 999 2763 παραγεγονῶς
1016 2662 1054 2738 ἐν
1071 2657 1213 2767 κόσμκρ,

171 2918 380 2996 posterioribus
394 2919 584 2994 temporibus,
597 2920 673 2976 sicut
712 2920 793 2977 Deus
820 2930 989 2994 corporatus
1016 2920 1160 2996 oppuruit,
1186 2939 1216 2979 e-

171 2999 304 3075 superius
329 2998 463 3064 diximus,
486 2999 567 3056 misit
587 3001 674 3058 Pnter
713 3019 828 3079 gressus
843 2999 990 3077 perfectus
1006 3002 1105 3059 homo.
1146 3002 1217 3058 Non

171 3081 208 3138 ud
222 3081 346 3138 sulutem
356 3080 519 3138 hominum.
541 3081 607 3139 Hoc
620 3100 674 3157 per
715 3083 794 3140 enim
812 3100 865 3158 per
879 3081 1038 3148 fictionem,
1054 3092 1106 3139 aut
1123 3094 1216 3142 mutu·

169 3162 264 3242 legem
276 3174 306 3219 et
319 3161 475 3238 prophetes
485 3162 673 3238 predicatum
714 3164 835 3229 tionem,
864 3164 915 3221 sed
942 3183 1011 3222 vere
1034 3161 1139 3220 ¹fuctus
1173 3174 1217 3221 est

171 3254 216 3301 est
225 3255 383 3301 venturum
397 3262 460 3301 esse
474 3244 505 3300 in
519 3245 672 3302 mundum.
713 3244 814 3300 homo.

171 3323 255 3382 Sicut
274 3344 342 3402 ergo
358 3325 548 3400 praedicotum
562 3336 616 3390 est,
632 3325 674 3382 sio
754 3323 868 3381 XVIII.
898 3323 947 3382 Sic
974 3325 1063 3403 igitur
1088 3324 1218 3382 humans

171 3424 298 3480 praesens
321 3424 352 3462 se
373 3406 469 3481 ipsum
488 3404 675 3463 manifestum
717 3424 770 3462 sua
796 3424 856 3461 non
883 3417 998 3463 recusat
1020 3405 1071 3480 qui
1095 3405 1216 3463 demon-

171 3483 242 3542 feoit
277 3503 312 3541 ex
343 3486 465 3564 Virgine
500 3498 530 3544 et
565 3485 676 3561 Spiritu
716 3487 863 3543 strubatur
879 3503 942 3542 esse
958 3486 1048 3552 Deus,
1064 3504 1131 3543 oum
1151 3505 1215 3544 esu-

173 3563 283 3621 Sanoto
297 3583 391 3621 novus
403 3566 493 3624 homo
506 3566 610 3631 fuctus,
623 3567 674 3622 ha·
716 3567 778 3623 rita
792 3578 822 3624 et
835 3563 983 3630 laboratb,
999 3577 1029 3623 et
1042 3565 1217 3645 defatigatus

172 3645 246 3701 bens
274 3645 390 3701 coeleste
415 3647 494 3720 quod
520 3658 675 3721 paternum
717 3648 816 3712 sitit0;
839 3665 905 3704 num
924 3646 1083 3704 formidans
1100 3642 1215 3724 fugitd;

173 3736 246 3788 erut,
261 3735 402 3799 tanquam
415 3727 564 3792 Verbum;
583 3737 673 3784 terre-
716 3737 746 3785 'et
759 3746 846 3803 super
858 3728 1010 3803 pulvinum
1022 3727 1130 3785 dormit
1135 3738 1157 3795 θ,
1168 3727 1217 3803 qui

172 3824 245 3863 num
265 3823 335 3862 vero
357 3816 497 3881 tauquam
520 3825 555 3864 ex
574 3818 674 3864 vetere
715 3819 850 3865 naturam
876 3809 965 3867 habet
992 3808 1157 3865 insomnem
1187 3819 1217 3864 ut

172 3886 268 3943 Adam
291 3904 344 3961 per
367 3886 519 3964 Virginem
542 3887 675 3944 incarna-
715 3889 811 3946 Deus:
843 3908 910 3947 oum
933 3889 1054 3947 calicem
1075 3888 1218 3965 passionis

173 3978 230 4025 tus.
273 3965 370 4024 Sinin
387 3968 528 4025 mundum
544 3986 674 4046 egressus
714 3967 848 4048 refugus,
879 3971 929 4046 qui
957 3981 1077 4046 propter
1102 3970 1160 4028 hoc
1186 3970 1216 4025 in

207 4179 222 4208 ι
239 4169 330 4218 Matth.
342 4170 374 4218 iv.
388 4183 410 4218 2.
477 4170 572 4218 bibid.
584 4171 650 4219 xxvi.
662 4181 703 4233 37.
777 4172 979 4222 cJohaims.
1047 4174 1137 4223 dlbid.
1148 4174 1181 4222 iv.
1192 4187 1216 4234 3.

176 4231 355 4283 eMatth.viii.
369 4249 407 4296 αα
474 4235 564 4285 sIbid.
577 4237 643 4285 xxvi.
653 4251 694 4300 39.
713 4237 790 4287 More.
803 4239 852 4286 xiv.
864 4238 905 4296 36.
923 4239 1109 4298 Lunxxiim.
