2678 4830
160 331 223 398 160
464 330 713 395 ADVERSUS
737 329 900 395 OMNES

9 524 79 575 'arn
94 539 131 586 14.
158 502 333 602 serpentis
351 501 462 602 ipsius
481 529 616 576 sacram
637 513 866 603 potestatem,
879 500 1050 576 dicendo:
1070 501 1123 574 Et
1136 502 1209 575 sie-

157 631 200 695 ut
216 617 366 718 Moyses
389 617 564 694 exaltavit
588 630 790 717 serpentem
817 620 857 693 in
885 620 1035 710 deserto,
1062 619 1116 692 ito
1147 642 1209 691 ex-

157 737 273 812 altari
297 747 439 834 oportet
456 735 593 810 Filiam
617 736 795 809 bominis:
826 737 946 835 ipsum
973 734 1207 810 introducunt

156 855 201 930 ad
222 854 466 928 benedicenda
483 853 698 928 eucharistia
716 880 790 925 sua.
829 852 901 925 Sed
927 866 1003 927 tota
1025 851 1127 925 istius
1151 838 1207 924 ei-

156 971 243 1046 roris
261 983 297 1043 et
320 997 427 1043 scena
449 983 486 1042 et
509 968 672 1042 doctrina
695 967 779 1042 inde
803 968 928 1054 fluxit3
956 967 1083 1041 dicunt
1105 966 1232 1048 enims

156 1088 201 1163 de
223 1088 286 1160 illo
309 1113 454 1160 summo
478 1085 647 1185 primario
664 1085 784 1158 AEone
805 1085 1008 1183 complures
1031 1084 1118 1157 alios
1135 1083 1203 1156 AE·

155 1231 241 1278 ones
267 1204 430 1278 extitisse
456 1203 662 1288 inferiores3
691 1202 864 1276 omnibus
890 1215 1012 1275 tamen
1042 1201 1117 1274 istis
1135 1201 1205 1275 [Ε

154 1348 261 1395 onem
287 1322 468 1408 antistare,
490 1321 593 1418 cujus
617 1321 663 1393 sit
686 1345 819 1392 nomen
837 1318 1078 1393 Jaldabaotb:
1106 1318 1205 1392 bunc

155 1452 276 1513 autem
295 1452 515 1539 conceptum
533 1465 610 1511 esse
628 1464 672 1510 ex
692 1438 802 1509 altero
815 1434 1126 1509 AEoneAEonibus
1150 1435 1205 1508 in-

153 1555 341 1629 ferioribus
360 1555 542 1656 permixto
557 1586 566 1640 ;
594 1581 703 1652 seque
720 1566 845 1653 postea
862 1578 944 1627 cum
965 1553 1003 1624 in
1021 1552 1254 1657 superioraro

152 1672 324 1745 voluisset
337 1672 437 1760 eniti,
451 1671 624 1770 gravitate
644 1671 801 1743 materiae
818 1669 998 1770 permixta
1013 1667 1112 1770 (for.
1123 1697 1205 1769 per-

153 1787 292 1885 mixtae)
311 1787 390 1876 sibi,
409 1814 480 1860 non
498 1787 658 1887 potuisse
682 1787 726 1860 ad
751 1788 933 1886 superiora
950 1787 1145 1887 pervenire,
1164 1787 1202 1859 in
1302 1801 1305 1807 '

153 1904 348 1977 medietate
371 1901 470 2005 (for.
485 1902 677 1976 medietate
694 1907 793 1999 vero)
813 1905 979 1978 relictum
998 1903 1202 1995 extendisse

154 2034 285 2110 totum,
300 2022 457 2095 effecisse
480 2019 579 2122 (jor.
593 2018 850 2096 extendissese
867 2033 998 2110 totum,
1011 2035 1047 2092 et
1063 2020 1203 2110 fecisse,

153 2137 314 2212 Latinus
334 2138 524 2235 Latinius)
555 2135 606 2210 sie
632 2137 780 2210 coelum.
824 2135 1045 2209 Jaldabaotlr
1076 2149 1201 2210 tamen
1214 2167 1249 2239 ,¹5

153 2254 300 2328 inferius
331 2253 568 2344 descendisse,
597 2265 634 2326 et
663 2252 790 2326 fecisse
818 2253 886 2326 sibi
913 2253 1007 2326 filios
1038 2268 1201 2353 septem;

154 2399 263 2470 quem
278 2370 499 2474 (fonqueis)
513 2369 704 2444 occlusisse
719 2369 901 2468 superiora
913 2369 1141 2456 dilatatione;
1160 2385 1203 2446 ut

154 2490 239 2587 quia
257 2489 386 2590 angeli,
400 2514 482 2584 quae
501 2487 684 2587 superiora
701 2498 831 2575 essent,
845 2487 934 2559 scire
952 2512 1026 2560 non
1042 2502 1203 2586 possent,

154 2605 273 2706 ipsum
299 2607 415 2678 solum
440 2604 563 2677 Deum
586 2615 766 2703 putarent.
817 2602 978 2677 Virtutes
996 2602 1106 2702 igitur
1122 2604 1202 2678 illas

153 2736 191 2796 et
213 2723 358 2820 angelos
384 2720 566 2794 inferiores
592 2719 780 2792 bominem
803 2717 949 2804 fecisse;
985 2731 1021 2792 et
1045 2720 1129 2817 quia
1156 2724 1202 2794 ab
1214 2759 1251 2797 20

153 2837 411 2913 infirmioribus
443 2849 479 2909 et
512 2836 753 2909 mediocribus
783 2835 976 2908 virtutibus
1011 2836 1200 2912 institutus

153 2967 257 3042 esset,
275 2952 376 3050 quasi
394 2979 551 3026 vermem
566 2951 722 3049 jacuisse
740 2965 954 3050 reptantem.
986 2953 1098 3027 Illum
1117 2981 1200 3028 vero

152 3052 325 3160 AEonem,
335 3096 378 3142 ex
392 3068 690 3167 qquaidabaotb
703 3067 945 3167 processisset,
958 3068 1091 3156 invidia
1101 3098 1201 3144 com-

153 3198 307 3276 motum,
324 3184 515 3259 scintillam
539 3183 734 3284 quamdam
755 3183 892 3280 jacenti
915 3184 1055 3257 bomini
1081 3185 1201 3259 immi-

152 3303 250 3395 sisse,
268 3332 339 3402 qua
365 3303 541 3377 excitatus
568 3329 631 3402 per
656 3301 883 3401 prudentiam
913 3317 1062 3400 saperet,
1087 3316 1122 3376 et
1145 3304 1247 3389 in-25

152 3419 311 3518 teiligere
336 3432 459 3517 posset
485 3418 678 3517 superiora.
730 3416 791 3490 Sic
813 3444 954 3490 rursum
978 3416 1199 3491 Jaldabaoth

152 3534 261 3609 istum
298 3537 333 3607 in
370 3535 656 3632 indignationem
687 3560 900 3609 conversum
930 3560 976 3606 ex
1006 3533 1200 3632 semetipso

152 3651 305 3724 edidisse
322 3651 491 3725 virtutem
511 3663 546 3723 et
567 3647 665 3751 (for.
679 3650 740 3746 ad)
763 3650 1037 3723 similitudinem
1057 3677 1200 3749 serpen-

152 3767 214 3840 tis:
233 3780 269 3840 et
284 3767 378 3839 banc
396 3766 505 3838 fuisse
519 3766 687 3838 virtutem
707 3766 744 3838 in
762 3767 938 3866 paradis0‚
952 3766 987 3838 id
1007 3781 1071 3856 est,
1089 3767 1199 3840 istum

152 3884 263 3959 fuisse
277 3895 494 3982 serpentem,
507 3882 564 3955 cui
578 3883 657 3957 Eva
671 3883 771 3979 quasi
791 3882 886 3955 Filio
903 3883 975 3956 Dei
990 3882 1198 3956 crediderat.
1209 3915 1249 3970 30

153 4001 355 4100 Decerpsit,
382 3999 563 4097 inquiunt,
589 3998 634 4071 de
659 3998 777 4072 fructu
809 4000 954 4084 arboris,
981 4013 1089 4096 atque
1119 3997 1200 4071 ideo

153 4119 274 4218 generi
293 4119 454 4190 humano
471 4102 659 4190 scientiam
677 4116 854 4189 bonorum
869 4116 1099 4194 etmalorum
1115 4098 1200 4187 con-

130 4234 288 4322 tribuit.
340 4233 528 4308 Christum
556 4245 675 4314 autem
698 4261 770 4306 non
794 4232 833 4311 in
859 4230 1059 4304 substantia
1083 4231 1198 4303 carnis
