2678 4830
269 313 320 377 IN
345 313 684 377 TERTULLIANI
709 314 774 377 DE
798 314 1060 380 ORATIONE.
1128 317 1191 381 183

147 485 270 563 attinet,
285 485 366 549 idem
389 485 550 550 Oberthur
569 499 762 562 contextum,
783 500 820 550 ut
835 485 935 563 aiunt,
955 487 1099 553 editionis
1119 489 1188 552 Ha-

147 572 239 636 lensis
254 572 319 636 sine
333 571 414 636 notis
424 571 452 635 ei
474 571 620 670 subjectis
639 571 795 658 repetivit,
808 571 894 636 nulla
908 573 967 637 alia
982 589 1096 661 praeter
1110 575 1190 640 hano

38 658 41 666 ’
147 659 356 746 conjecturam
371 658 586 722 observatione
599 657 729 745 adjecta.

192 747 231 809 P.
247 766 316 829 117.
333 745 352 807 l.
371 745 420 809 18.
443 767 506 809 non
520 744 610 809 otiosi
625 747 691 830 ore]
709 744 914 814 scribendum
930 761 988 826 est,
1002 768 1065 810 non
1081 746 1191 826 otioso,

148 846 204 895 aut
223 855 284 896 non
305 830 422 896 otiosae.
456 833 656 895 Mnanronr.
696 831 808 896 Malim
823 855 883 918 ego
897 855 1039 918 reponas,
1055 836 1192 899 nonatt-

148 921 195 983 osa'
209 941 263 983 ore
278 920 456 1004 suspiciunt
475 917 627 996 vibrante,
646 919 766 1005 spirita
784 940 842 982 sno
861 934 1022 994 movente3
1048 922 1193 986 vibrante

149 1029 206 1092 pro
222 1007 382 1071 vibrantes
397 1019 428 1069 et
441 1013 581 1068 movente
594 1027 653 1090 pro
666 1027 788 1071 provere
802 1003 919 1092 positis.

199 1091 283 1155 Ibid.
311 1090 332 1154 l.
358 1110 408 1176 23.
441 1091 492 1155 cui
523 1090 562 1154 sit
590 1090 690 1154 honor
717 1091 789 1174 &al
825 1091 963 1154 Similem
993 1090 1191 1178 doxologiam

150 1179 276 1244 Christo
295 1177 433 1241 Domino
452 1177 542 1242 affert
556 1178 618 1241 fine
629 1177 787 1263 Epistola)
801 1201 866 1242 suae
876 1180 1063 1265 posterioris
1078 1180 1193 1242 Petrus

149 1290 168 1330 a
211 1265 318 1329 stolus.
342 1265 459 1328 Confer
474 1266 507 1328 S.
519 1262 612 1328 Pauli
627 1264 695 1348 Ep.
709 1266 895 1350 posterioris
908 1265 952 1328 ad
969 1266 1108 1330 Ttvnota
1123 1287 1191 1352 cap.

150 1289 209 1416 upp
222 1366 254 1416 et
270 1354 303 1416 S.
313 1352 336 1414 J
337 1373 468 1415 oannem
485 1348 557 1437 plus
571 1349 664 1414 semel
679 1348 711 1412 in
724 1350 926 1438 Apocalypsi.

500 1557 632 1620 NOTA
656 1557 844 1621 OMISSA.

195 1695 232 1757 P.
246 1693 296 1779 98.
313 1693 333 1758 l.
350 1695 401 1757 16.
422 1691 559 1757 brevitas
580 1691 649 1770 ista,
666 1692 751 1780 quod
774 1693 815 1758 ad
838 1693 965 1758 tertium
987 1717 1021 1759 so
1044 1694 1105 1759 hiae
1125 1717 1196 1783 gra-

152 1781 228 1845 dum
243 1779 348 1865 faciat]
369 1779 410 1844 Id
430 1793 486 1854 est,
508 1778 643 1845 brevitas
662 1778 809 1850 orationis
828 1779 1002 1847 Dominicae
1018 1718 1114 1846 babet
1128 1779 1196 1869 ple-

152 1890 223 1932 nam
243 1867 307 1930 inte
347 1865 540 1944 retationem,
563 1883 595 1931 et
617 1881 770 1953 quantum
795 1866 895 1932 verbis
916 1882 1104 1948 coarctatur,
1126 1881 1195 1932 tan-

152 1969 220 2018 tum
243 1953 322 2018 sensi
346 1977 383 2018 us
400 1951 599 2017 diffunditur.
645 1953 794 2019 Continet
815 1952 896 2019 enim
917 1977 1040 2020 omnem
1059 1952 1196 2042 discipli-

153 2063 225 2104 nam
245 2039 329 2105 fidei.
375 2039 517 2106 Brevitas
533 2055 638 2104 antem
657 2039 768 2105 orandi
781 2041 915 2127 pertinet
929 2041 969 2107 ad
985 2041 1112 2112 tertium
1127 2065 1198 2128 gra-

153 2128 229 2191 dum
258 2126 394 2213 Sophiae,
416 2125 450 2189 id
474 2141 531 2204 est,
554 2149 649 2213 quem
674 2126 696 2190 s'
723 2126 859 2191 nificavit
884 2128 945 2192 Dei
973 2127 1142 2216 Sapientia,
1167 2141 1199 2192 et

153 2215 222 2302 ejus
245 2213 355 2277 Filius.
401 2212 527 2277 Primus
541 2212 623 2276 enim
637 2150 756 2300 grallns
770 2228 827 2293 est,
843 2213 877 2277 id
891 2229 947 2292 est,
962 2215 1098 2302 primum
1114 2237 1197 2302 prae-

153 2316 279 2388 ceptum
300 2314 357 2378 est,
374 2314 410 2363 ut
428 2314 545 2364 secreto
564 2321 699 2381 oremus,
720 2299 875 2364 secundus
897 2316 933 2364 ut
953 2324 1022 2366 eum
1044 2302 1116 2377 fide,
1133 2314 1195 2366 ter-

150 2387 216 2451 tius
235 2385 435 2451 utbreviter.
465 2388 671 2451 Mvnsrom.
718 2385 831 2450 Malim
846 2385 958 2464 dicere,
975 2386 1110 2475 primum
1125 2411 1198 2475 gra-

154 2473 231 2538 dum
254 2473 304 2537 hic
326 2496 401 2547 esse,
424 2486 555 2536 secretas
576 2495 694 2560 preces,
718 2472 889 2537 secundum
914 2497 989 2538 vero
1014 2473 1196 2539 brevitatem

84 2600 87 2605 ·
155 2559 312 2633 orationis,
328 2559 455 2623 tertium
475 2559 611 2645 denique
631 2558 816 2623 brevitatem
835 2559 926 2623 istam
947 2559 1068 2647 magnis
1083 2575 1114 2625 et
1128 2560 1199 2648 pul-

154 2647 236 2711 chris
251 2646 390 2711 sensibus
407 2645 565 2721 refertam,
580 2669 723 2733 quaeque
735 2644 867 2733 copiosae
881 2671 918 2711 ac
930 2647 1087 2712 foeoundae
1101 2646 1197 2713 inter-

156 2732 337 2821 pretationis
351 2731 496 2798 subsidiis
510 2731 592 2795 fulta
606 2731 654 2796 sit.
