2678 4830
126 326 192 389 812
509 324 542 386 S.
559 322 794 386 CYPRIANI

128 509 185 571 cat
205 523 287 569 eum
314 496 357 569 ad
380 497 489 568 vitam
509 495 628 568 venire
647 495 708 592 qui
729 493 898 567 mandata
916 497 1132 588 servaverit,
1152 511 1192 571 et

19 628 100 677 axin
126 640 210 687 enm
235 640 312 685 esso
336 613 535 712 sapientem
555 612 617 709 qui
636 613 742 684 verba
759 611 836 707 ejus
858 609 1012 684 audierit
1030 627 1068 685 et
1089 613 1190 688 fece·

125 730 184 819 rit,
200 728 384 803 doctorem
404 755 549 827 quoque
572 755 655 802 eum
681 727 883 800 maximum
909 727 946 799 in
971 754 1088 828 regno
1107 756 1189 802 coe-

126 846 243 920 lorum
264 846 380 920 vocari
408 846 468 944 qui
494 845 618 919 lecerit
638 860 675 919 ct
701 844 752 918 sic
774 843 952 929 docuerit3
976 859 1064 918 tunc
1090 873 1186 945 prae-

126 962 259 1036 dicanti
284 963 509 1063 profuturum
536 962 632 1059 quod
651 963 742 1034 bene
763 973 871 1058 atque
892 961 1025 1034 utiliter
1048 961 1184 1061 praedi-
1193 993 1212 1052 5

128 1093 250 1153 catum
268 1079 387 1168 fucrit,
405 1079 434 1152 si
457 1078 492 1150 id
513 1077 610 1175 quod
628 1105 688 1150 ore
706 1078 884 1177 promitur
899 1077 1004 1151 factis
1022 1104 1183 1176 sequeu-

0 1237 1 1240 ¹
20 1207 38 1247 ‘-
50 1213 74 1246 v.
127 1195 224 1270 tibus
243 1195 425 1294 impletur.
479 1195 576 1278 Quid
595 1221 679 1267 veru
703 1194 898 1267 insinuavit
920 1194 1078 1267 crebrius
1104 1194 1183 1266 dis-

127 1312 256 1412 cipulis
275 1311 347 1385 suis
370 1311 565 1399 Dominus,
582 1311 668 1411 quid
688 1311 781 1385 inter
799 1311 966 1384 salutaria
984 1310 1125 1384 monita
1142 1324 1181 1384 et

126 1446 305 1530 proecepta
324 1430 485 1504 coelestia
508 1428 780 1502 custodiendum
807 1428 922 1527 magis
946 1427 1180 1501 servandum-

128 1573 199 1643 que
223 1546 408 1620 mandavit
426 1573 534 1645 quam
555 1559 595 1617 ut
613 1545 739 1618 eadem
760 1544 953 1617 dilectione
976 1570 1046 1642 qua
1070 1543 1230 1617 disci-10

126 1663 233 1762 pulos
259 1664 334 1761 ipsc
357 1662 484 1736 dilexit
511 1689 574 1735 nos
601 1688 746 1760 quoque
773 1661 928 1735 invicem
955 1661 1178 1760 diligamus?

2 1797 99 1846 xiii..
129 1779 323 1860 Quomodo
350 1793 469 1851 autem
495 1780 551 1852 vel
578 1805 704 1878 pacem
731 1778 885 1852 Domini
910 1779 965 1851 vel
989 1779 1177 1852 caritatem

128 1908 238 1984 tenet,
253 1895 314 1992 qui
332 1894 576 1967 intercedente
593 1897 671 1968 zelo
689 1922 756 1969 nec
775 1897 945 1995 pacificus
963 1908 1180 1995 potestesse

128 2040 196 2086 nec
218 2013 342 2085 carus?
378 2011 467 2085 Ideo
491 2026 527 2085 et
551 2014 733 2111 apostolus
759 2012 890 2085 Paulus
912 2038 995 2085 cum
1019 2012 1119 2112 pacis
1142 2027 1180 2086 et

128 2130 285 2204 caritatis
305 2130 432 2202 merita
449 2130 688 2229 depromeret,
707 2155 866 2226 cumque
884 2143 1099 2202 asseveraret
1116 2131 1225 2216 tir-15

129 2247 236 2321 miter
263 2261 299 2321 et
328 2247 472 2321 doceret
500 2274 568 2320 nec
597 2247 705 2319 fidem
740 2245 805 2317 sibi
837 2273 903 2318 nec
929 2245 1180 2343 eleemosynas

129 2391 197 2438 nec
218 2364 422 2464 passionem
447 2390 590 2462 quoque
615 2364 728 2461 ipsam
754 2362 966 2436 confessoris
983 2376 1020 2434 et
1043 2376 1182 2463 marty-

128 2482 177 2555 ris
202 2483 428 2580 profituram‚
454 2481 521 2553 nisi
549 2480 705 2554 caritatis
734 2479 869 2552 foedera
901 2480 1038 2578 integra
1067 2492 1181 2575 atque

16 2613 108 2662 aaut.
130 2597 299 2670 inviolata
317 2612 501 2687 servasset,
520 2596 650 2692 adjecit
668 2610 703 2668 et
721 2596 833 2669 dixit:
857 2596 1007 2670 Caritas
1023 2621 1175 2694 mugnu-

128 2715 228 2789 ru'mu
259 2725 323 2799 est,
353 2714 492 2788 caritas
521 2713 679 2812 benignu
707 2724 772 2800 est,
801 2713 941 2786 coritas
968 2738 1038 2786 uon
1067 2712 1179 2786 zelat.
1192 2746 1230 2785 20

128 2830 277 2904 Docens
304 2831 441 2921 scilicet
466 2844 503 2903 et
528 2830 721 2903 ostendens
747 2856 830 2903 eum
861 2856 966 2928 posse
992 2828 1179 2901 caritatem

129 2957 250 3018 tenere
277 2946 438 3043 quisquis
466 2945 719 3043 magnanimus
745 2945 853 3018 fuerit
879 2959 915 3018 et
941 2945 1119 3043 benignus
1143 2961 1182 3018 ct

131 3062 198 3134 zeli
217 3087 259 3134 ac
277 3060 396 3134 livoris
416 3060 563 3134 alienus.
612 3061 704 3133 ltem
726 3061 795 3134 alio
813 3063 893 3136 loco
911 3089 996 3146 cum
1015 3077 1181 3135 moneret

129 3191 172 3251 ut
199 3180 311 3252 homo
335 3179 412 3276 jam
442 3179 576 3251 Sancto
605 3178 740 3277 Spiritu
772 3180 899 3278 plenus
926 3194 963 3252 et
992 3179 1180 3252 nativitate

129 3295 268 3368 coelesti
290 3294 362 3367 Dei
381 3295 476 3369 filius
494 3295 610 3368 factus
628 3322 704 3367 non
723 3295 791 3366 nisi
816 3295 989 3393 spiritalia
1006 3314 1041 3366 ct
1057 3294 1179 3366 divina
1190 3333 1207 3370 2
1211 3329 1230 3390 5

17 3448 22 3469 ·
40 3426 93 3475 1ii
131 3425 296 3499 sectetur,
315 3413 419 3510 ponit
436 3427 472 3485 et
488 3412 597 3486 dicit:
616 3412 669 3484 Et
686 3438 752 3510 ego
770 3413 925 3510 quidem,
929 3409 1093 3511 fratrer,
1107 3437 1181 3484 uun

125 3528 233 3625 potui
254 3528 353 3600 uobis
377 3528 477 3626 loqui
498 3528 604 3627 quusi
625 3529 866 3624 spiritulibus,
883 3529 948 3601 sed
968 3529 1075 3626 quusi·
1097 3553 1181 3600 cur-

129 3641 289 3729 nulr'bus,
307 3652 482 3739 tunquam
505 3642 710 3744 r'rrfuntibus
726 3644 765 3717 iu
787 3645 943 3717 Christo.
984 3645 1102 3717 Lacte
1118 3671 1181 3718 uos

124 3760 263 3857 potavi,
286 3785 359 3832 nou
382 3760 468 3833 cibo.
508 3759 683 3832 Nondum
708 3763 802 3834 enim
821 3763 1010 3859 poteratur,
1033 3762 1099 3835 scd
1117 3789 1180 3836 ue-

129 3902 201 3976 que
217 3903 313 3951 nuuc
324 3878 488 3974 potestis
519 3875 653 3950 Adlruc
670 3879 764 3950 euim
783 3879 869 3952 estis
887 3878 1063 3952 carnales.
1109 3877 1227 3970 Ublgo

131 3996 225 4068 euim
243 3995 282 4067 iu
298 3994 397 4068 uobis
414 3993 515 4067 zelus
529 4004 564 4066 et
582 3994 761 4067 contentio
776 4006 811 4067 et
828 3995 1067 4069 dissensiones·
1082 4006 1179 4085 suut,

130 4137 247 4184 nonne
274 4110 440 4184 carnales
467 4112 553 4184 estis
579 4121 615 4184 et
639 4111 834 4184 secundum
856 4111 1030 4184 hominem
1056 4113 1178 4186 umbu-

132 4227 247 4300 lutis?
