2678 4830
223 307 274 369 IN
297 308 330 370 S.
346 307 616 371 HIPPOLYTI
640 308 831 370 CONTRA
849 308 1066 372 NOETUM.
1121 311 1164 377 89

123 478 232 562 Mago,
261 476 450 553 Menandro,
480 475 650 553 Saturnilo,
677 476 845 553 Gnosticis‚
871 476 1050 555 Cerinthiis,
1076 478 1164 541 Basi-

121 560 385 638 lide,Valentino,
402 560 559 637 Secundo
575 564 604 624 E
630 561 753 647 iphane,
771 561 906 640 Isidoro,
923 562 1162 642 Heracleonitis,

46 660 54 674 '
121 645 302 723 Ptolemaeo,
324 646 585 724 Marcosianis‚0
606 584 693 722 litis,
717 646 881 724 Sethianis,
899 648 1053 726 Cerdone,
1075 650 1163 712 Mar-

121 731 218 808 cione,
234 730 360 817 Apelle,
377 731 565 808 Bardesane‚
619 731 767 809 armenio,
784 733 830 796 uti
850 732 996 819 deinoeps
1015 757 1035 798 a
1057 733 1163 797 Mani-

120 817 223 894 chais,
238 833 269 880 et
284 815 532 880 Priscillianistis.
557 820 667 881 Pana.

165 903 202 965 P.
220 918 272 985 73.
293 900 313 965 l.
330 917 361 986 5.
386 904 403 964 d
425 900 569 984 πρότερον
589 901 637 965 ὑπ’
654 903 742 966 αὐτοῦ
765 901 985 983 ἱερατενόμενος
1006 905 1044 970 ὣς
1066 905 1158 988 Θεός]

121 986 203 1064 Quia
221 987 398 1050 Tun-ianus
417 986 477 1051 hoc
496 987 591 1050 modo
604 987 707 1050 locum
724 987 829 1064 vertit,
845 988 984 1072 quierat
1004 990 1043 1051 ab
1061 1010 1095 1052 eo
1108 1011 1161 1052 ιιι-

120 1072 335 1220 eardoturnsr
398 1083 462 1149 nte,
479 1073 578 1158 paulo
599 1082 672 1135 onte
694 1083 844 1158 tanquam
866 1073 956 1136 Deus
978 1073 1160 1151 Ιιοιιοιιινιιο,

119 1155 191 1220 inde
211 1157 274 1220 hau
317 1157 349 1220 di
383 1157 440 1221 cile
457 1157 518 1220 fuit
534 1158 648 1221 Graeca
663 1157 707 1220 ita
723 1157 898 1234 emendare,
915 1159 932 1219 ὁ
951 1156 1095 1240 πρότερον
1111 1157 1160 1222 ὑπ’

120 1243 209 1305 αὑτοῦ
223 1243 446 1324 ἱερατευομένον
460 1245 620 1322 τιμώμενος
634 1244 672 1308 ὡς
687 1241 775 1308 Θεός.

164 1326 247 1391 Ibid.
271 1326 292 1390 l.
308 1331 341 1391 6.
371 1329 410 1394 ὣς
433 1326 524 1411 oete]
549 1329 717 1424 Tanquam
739 1328 829 1391 Deus
853 1327 1035 1390 honorato.
1079 1328 1162 1407 Quia

120 1433 191 1474 cum
210 1426 290 1476 esset
309 1412 451 1498 pontifex
471 1411 554 1475 illius
573 1434 659 1490 anni,
682 1411 881 1499 prophetavit
902 1412 1048 1499 Caiphas‚
1064 1415 1158 1479 Joan.

106 1518 187 1581 ucap.
199 1495 241 1561 xi.
259 1497 344 1582 quod
360 1499 453 1562 Jesus
472 1496 643 1560 moriturus
660 1510 726 1560 erat
745 1520 805 1594 pro
823 1511 933 1582 gente:
958 1511 989 1561 et
1011 1520 1072 1561 non
1094 1512 1161 1562 tan-

120 1594 186 1644 tum
201 1604 261 1668 pro
274 1596 379 1668 gente,
395 1582 449 1647 sed
464 1595 500 1646 ut
514 1581 594 1645 filios
614 1582 686 1659 Dei,
699 1605 755 1667 qur
775 1597 863 1646 erant
877 1581 1017 1668 dispersi,
1033 1605 1161 1669 congre-

119 1681 206 1752 garet
220 1667 251 1729 in
268 1690 386 1740 unum;
408 1667 495 1754 quod
510 1666 638 1753 quidem
654 1668 755 1730 facere
769 1689 831 1730 non
847 1681 980 1754 poterat,
997 1668 1055 1731 nisi
1070 1671 1160 1733 Deus

118 1765 207 1815 esset.
230 1753 406 1816 Tunnrnn.

161 1837 247 1903 Ibid.
261 1837 284 1900 l.
304 1855 353 1920 17.
377 1840 415 1904 ὡς
428 1838 499 1921 ζωὴ]
517 1836 634 1901 Melior
648 1837 824 1923 interpretis
838 1836 941 1913 lectio,
957 1838 989 1906 ὃς
1002 1839 1069 1917 ζωή.

160 1924 198 1985 Ρ.
209 1939 261 2004 74.
276 1922 297 1987 l.
312 1944 360 1988 10.
375 1923 433 1986 ὑπὸ
447 1923 595 2002 ποιμένων
609 1925 820 2006 θεωρούμενος]
833 1925 912 2001 Qute
923 1922 973 1986 hic
985 1939 1159 2022 sequuntur

118 2006 309 2071 adverbum
331 2008 397 2072 fere
418 2007 606 2072 oonveniunt
627 2030 698 2071 cum
721 2007 765 2071 eis
786 2031 858 2094 quae
880 2031 919 2071 ex
944 2010 976 2072 S.
989 2011 1059 2095 Hip
1101 2010 1159 2084 lvti

120 2092 274 2156 Memoria
289 2093 467 2156 Haeresium
483 2092 591 2157 laudat
607 2094 639 2156 S.
654 2092 798 2156 Gelasius
816 2093 848 2155 in
869 2096 936 2156 loco
950 2117 1043 2178 quem
1059 2032 1159 2159 libes

120 2198 212 2263 supra
227 2191 249 2242 t.
265 2179 294 2242 1.
310 2201 343 2263 p.
357 2193 430 2262 225.
455 2176 534 2242 Vide
545 2193 576 2242 et
589 2201 662 2263 quae
675 2177 896 2241 Theodoretus
906 2201 937 2264 p.
949 2181 1022 2243 268.
1046 2182 1155 2245 Fano.

120 2262 251 2325 Prorsus
265 2277 297 2326 et
316 2262 356 2325 ad
376 2284 514 2347 unguem
535 2262 723 2326 conveniunt
739 2262 855 2326 Gelasii
869 2262 923 2325 illa
936 2286 1007 2325 cum
1022 2262 1069 2340 iis,
1085 2287 1158 2350 quoe

119 2346 248 2442 protulit
263 2346 483 2411 Theodoretus
501 2346 533 2410 in
545 2348 687 2433 Dialogo
702 2348 846 2411 Secundo
865 2370 904 2409 ex
924 2347 1105 2434 Hippolyti,
1122 2363 1158 2413 ut

119 2431 230 2495 ibidem
252 2432 306 2508 ait,
324 2433 543 2496 Enarratione
558 2432 697 2496 Secundi
712 2432 836 2495 Psalmi
856 2431 1030 2577 desumpta.
1077 2432 1159 2496 Falli

119 2539 191 2602 ergo
210 2516 336 2579 videtur
353 2517 498 2581 Gelasius
519 2516 691 2580 attribuens
713 2538 769 2578 sua
791 2516 830 2578 ad
854 2516 966 2602 Hippo
977 2516 1024 2602 yti
1038 2518 1158 2582 Memo-

118 2603 199 2664 riam
213 2603 409 2678 Herculum,
424 2603 514 2688 cujus
528 2624 600 2688 pars
614 2615 661 2664 est
675 2599 742 2662 haec
759 2602 878 2663 Contra
895 2603 1034 2664 Noetum
1050 2603 1156 2687 dispu-

120 2685 203 2764 tatio,
217 2687 251 2749 in
265 2711 330 2772 qua
344 2701 465 2750 tantum
482 2686 602 2762 similia,
618 2707 680 2748 non
695 2684 814 2761 eadem,
830 2684 979 2749 existunt.

160 2771 244 2835 Ibid.
263 2772 286 2835 l.
306 2790 356 2854 17.
380 2777 579 2853 στεφανοῦται
602 2774 675 2834 κατὰ
697 2769 854 2852 διαβόλου]
878 2771 1016 2834 Victores
1038 2772 1070 2834 in
1093 2795 1158 2836 cer-

121 2855 285 2919 taminibus
299 2856 546 2928 oorouabantur;
570 2857 610 2919 de
629 2878 694 2940 quo
714 2854 813 2918 multa
829 2855 961 2919 Carolus
977 2858 1158 2922 Paschalius

119 2940 196 3004 libro
210 2954 299 3004 sexto
313 2942 352 3005 de
368 2940 509 3004 Coronis.
533 2942 643 3003 Fanu.

161 3027 198 3089 P.
215 3041 267 3109 75.
290 3025 311 3088 l.
330 3043 381 3089 12.
404 3026 457 3089 τὸν
480 3029 538 3106 γὰρ
563 3025 743 3107 κοσμήτορα]
772 3024 972 3110 Legendum,
995 3025 1047 3089 τόν
1068 3052 1105 3107 γε
1128 3057 1153 3092 κ.

119 3132 187 3174 cum
201 3109 381 3198 interprete,
398 3125 434 3173 ut
448 3111 515 3175 haec
529 3109 680 3173 sententia
694 3131 766 3173 cum
781 3109 877 3193 pn'ori
892 3111 1111 3195 eonjungatur.
