2678 4830
124 315 166 375 ta
460 312 490 374 S.
510 311 828 375 HIPPOLYTUS.

165 482 181 527 b
202 484 308 542 Euseb.
324 484 377 543 Vl.
396 503 443 544 22.
464 490 529 541 Τότε
543 489 607 556 δῆτα
623 489 663 542 καὶ
680 487 834 544 Ἱππόλυτος
848 488 996 541 συντάττων
1008 489 1073 557 μετά
1086 490 1161 543 πλεί-

125 607 197 639 στων
206 583 294 638 ὅλλων
304 585 489 655 ὑπομνημάτων
499 588 540 640 καὶ
549 587 579 640 τὸ
587 588 646 658 περὶ
656 589 702 640 τοῦ
712 587 803 657 πάσχα
813 586 947 654 πεποίηται
957 583 1125 658 σύγγραμμα,
1135 587 1163 640 ἐν

123 677 146 758 ᾧ
158 683 205 751 τὴν
217 687 268 736 τῶν
280 685 380 755 χρόνων
392 683 542 756 ἀναγραφὴν
552 685 693 754 ἐκθέμενος,
705 685 747 739 καί
753 706 810 738 τινα
820 686 911 738 κανόνα
918 684 1163 756 ἑκκαιδεκαετηρίδας

124 781 183 852 περὶ
196 783 243 835 τοῦ
256 781 348 851 πάσχα
360 781 485 852 προσθεὶς
497 782 540 835 ἐπὶ
555 781 586 834 τὸ
604 785 707 852 πρῶτον
720 781 777 837 ἔτος
790 780 976 851 αὐτοκράτορος
988 777 1162 853 Ἀλεξάνδρου

127 882 187 952 (an.
203 878 310 934 Christi
327 878 409 950 222.)
425 879 486 935 τοὺς
498 881 607 951 χρόνους
619 880 784 951 περιγράφει.
819 876 886 933 Alia
898 888 1032 933 veterum
1052 876 1161 935 dehoc

123 993 211 1050 opere
231 975 398 1032 testimonia
418 975 507 1032 habes
528 976 559 1032 in
580 987 601 1032 t.
618 975 642 1033 l.
663 976 738 1050 Opp.
760 974 912 1050 Hippolyti
927 993 957 1050 p.
972 991 1023 1047 42.
1046 974 1161 1031 Canoni

123 1073 253 1131 Paschali
268 1073 445 1149 Hippolyteo
458 1073 621 1151 subJuncta.

164 1179 177 1210 c
198 1169 316 1227 Eusebii
335 1169 409 1226 liber
427 1170 463 1227 de
480 1168 554 1227 festo
575 1169 704 1227 Paschali
724 1170 849 1240 μυστικὴν
866 1170 1029 1242 ἅνακαλνψιν
1048 1172 1095 1224 τοῦ
1116 1172 1161 1238 τῆς

122 1271 212 1342 ἑορτῆς
231 1271 313 1341 λόγου
332 1277 362 1323 et
382 1267 510 1324 rationes
534 1268 608 1343 cycli
627 1267 809 1344 undeviginti
829 1286 972 1323 annorum
993 1267 1161 1342 complexus

121 1366 279 1431 intercidit,
301 1366 337 1423 de
356 1385 414 1440 quo
432 1367 499 1423 vide
518 1366 612 1441 ipsum
631 1366 789 1423 Eusebium
804 1365 857 1422 IV.
868 1383 917 1439 34.
933 1376 963 1421 et
977 1379 1024 1440 35.
1040 1365 1077 1422 de
1092 1365 1162 1422 Vita

123 1465 319 1523 Constantini.
361 1465 499 1522 Meminit
513 1476 543 1522 et
557 1464 726 1523 Gennadius
740 1465 776 1522 de
791 1463 822 1522 S.
835 1464 869 1521 E.
885 1483 948 1539 cap.
962 1463 1010 1521 88.
1033 1463 1160 1521 Isidorus

123 1563 236 1639 Hispal.
246 1563 301 1620 Vl.
314 1579 360 1636 17.
376 1564 456 1641 Orig.
473 1572 493 1594 “
505 1563 673 1620 Paschalem
687 1562 802 1638 cyclum
816 1563 994 1638 Hippolytus
1008 1563 1160 1638 episcopus

123 1661 339 1736 “temporibus
357 1661 512 1718 Alexandri
533 1661 718 1736 imperatoris
738 1661 848 1736 primus
870 1660 1049 1736 conscripsit.
1091 1662 1161 1719 Post

123 1770 143 1792 “
160 1779 247 1836 quem
265 1759 459 1835 probatissimi
478 1770 602 1825 autores,
618 1759 760 1816 Eusebius
775 1759 970 1825 Caesariensis,
984 1759 1160 1834 Theophilus

122 1867 143 1891 ⁴⁴
158 1856 380 1923 Alexandrinus,
396 1858 518 1933 Prosper
538 1876 654 1933 quoque
673 1858 792 1914 natione
805 1858 970 1933 Aquitanus
988 1869 1077 1933 atque
1090 1857 1159 1916 Vic-

122 1965 142 1988 “
158 1955 269 2013 torinus
284 1955 465 2031 amplificatis
480 1955 608 2033 ejusdem
622 1954 787 2012 festivitatis
800 1955 969 2021 rationibus,
985 1956 1160 2031 multiplices

122 2063 143 2087 “
158 2055 280 2112 circulos
295 2053 476 2111 ediderunt.'’
507 2054 653 2123 Quoniam
667 2072 737 2111 vero
752 2053 783 2111 S.
795 2054 946 2129 Hippolyti
960 2054 1058 2130 cyclus
1077 2053 1159 2111 sede-

121 2154 179 2211 cim
191 2163 306 2210 tantum
317 2171 459 2208 annorum
468 2151 532 2218 fuit,
542 2152 611 2208 hinc
626 2151 706 2209 Beda
720 2152 755 2210 de
770 2163 935 2227 temporum
947 2153 1061 2209 ratione
1072 2171 1099 2210 c.
1109 2170 1158 2225 42.

122 2261 143 2285 ‘¹
158 2250 440 2309 Decemnovennalis
461 2251 561 2308 circuli
581 2250 713 2308 ordinem
733 2251 843 2326 primus
864 2251 1006 2309 Eusebius
1020 2251 1160 2308 Caesareae

122 2361 143 2384 ⁴⁸
158 2350 317 2408 Palaestinae
336 2349 488 2425 episcopus
507 2350 544 2407 ob
565 2360 681 2424 quartus
698 2349 825 2406 decimas
838 2350 922 2406 lunas
935 2349 1002 2406 festi
1016 2349 1160 2407 Paschalis

122 2450 311 2526 “ipsumque
333 2448 411 2506 diem
438 2449 555 2506 Pascha
582 2447 791 2506 inveniendum
819 2448 992 2523 composuit,
1019 2467 1055 2505 eo
1084 2446 1161 2522 quod

123 2558 143 2581 ‘⁴
158 2548 257 2614 luna,''
271 2548 325 2606 &c

162 2642 179 2687 d
198 2645 340 2703 Eusebius
353 2645 407 2702 Vl.
421 2663 469 2704 22.
484 2658 550 2722 post
569 2645 721 2721 Hippolyti
741 2647 778 2703 εἰς
796 2646 843 2715 τὴν
861 2645 1009 2718 ἑξαὴμερον,
1024 2663 1085 2700 non
1099 2647 1161 2722 ejus

123 2744 364 2801 commentarium
379 2743 409 2798 in
424 2744 566 2809 Exodum,
579 2744 629 2801 sed
643 2746 677 2800 εἷς
692 2744 725 2799 τὰ
736 2744 802 2814 μετὰ
817 2744 864 2813 τὴν
881 2743 1019 2816 ἑξαὴμερον
1032 2760 1160 2800 comme-

122 2852 234 2898 morat:
256 2841 354 2898 Rufin.
370 2840 397 2896 ia
410 2841 598 2909 Heraomeroa
617 2850 644 2897 et
661 2860 693 2897 ea
710 2860 766 2917 pua
778 2850 843 2916 post
856 2840 1045 2898 Heraemoroa
1057 2841 1161 2916 εονίρία

121 2947 192 3003 utut.
228 2936 287 2995 Sed
301 2937 498 3014 Hieronymus
511 2939 695 3014 peculiariter
709 2939 798 2996 etiam
810 2939 918 3021 deinde
932 2938 1067 2996 meminit
1080 2958 1160 2996 com·

121 3036 258 3121 mentarii
270 3036 302 3092 in
317 3035 455 3102 Genesin,
472 3048 501 3094 et
523 3037 660 3112 quoniam
678 3038 761 3112 plura
779 3037 975 3114 Hieronymus
994 3037 1102 3114 scripta
1114 3056 1159 3095 re-

121 3133 178 3191 fert
199 3153 263 3209 quae
284 3154 316 3192 se
337 3135 378 3192 ait
397 3137 548 3210 reperisse,
564 3147 594 3192 et
614 3135 650 3193 de
672 3136 775 3210 quibus
796 3136 939 3193 Eusebius
959 3136 1034 3202 silet,
1046 3135 1159 3192 ·Hiero-

121 3232 203 3307 nymi
221 3232 308 3290 fidem
329 3232 383 3289 hac
405 3233 436 3288 in
457 3244 540 3308 parte
562 3232 716 3290 sollicitare
737 3252 797 3289 non
818 3244 862 3290 est
882 3233 955 3290 adeo
978 3232 1010 3289 in
1030 3245 1159 3307 promtu.

121 3330 295 3408 Fragmenta
316 3349 352 3387 ex
374 3331 598 3388 Commentariis
618 3331 650 3387 in
671 3331 875 3388 Hexaemeron
893 3342 915 3388 t.
928 3330 968 3387 11.
992 3330 1069 3406 Opp.
1086 3331 1158 3406 Hip-

120 3429 215 3505 polyti
230 3448 260 3505 p.
274 3447 321 3485 22.
338 3448 399 3504 seq.
416 3439 446 3486 et
460 3446 509 3503 33.
524 3448 585 3504 seq.
631 3429 770 3504 (Euodam
791 3430 980 3487 substitutum
999 3428 1088 3486 fuisse
1106 3448 1158 3505 pro

121 3527 210 3584 verbo
220 3527 345 3602 repetito
356 3527 495 3600 ἑξαὴμερον
509 3539 609 3585 censet
620 3528 656 3584 cl.
665 3527 824 3585 Vallarsius
839 3528 871 3585 in
885 3527 954 3585 edit.
966 3547 1018 3586 sua
1028 3527 1158 3604 Operum

121 3626 152 3685 S.
165 3626 347 3702 Hieronymi.
389 3626 472 3682 Nihil
484 3627 531 3683 hic
545 3626 633 3684 habet
647 3626 738 3683 codex
751 3625 954 3699 Veronensis.)

161 3734 175 3766 θ
195 3726 241 3782 Eis
253 3726 284 3779 τό
296 3719 377 3796 ᾆσμα.
410 3724 516 3781 Euseb.
532 3724 701 3800 Syncellus:
719 3726 755 3782 eis
768 3726 800 3780 τά
813 3724 925 3796 ᾅσματα.
954 3724 1156 3799 Nicephorus:

121 3825 157 3881 εἷς
170 3824 200 3878 τὸ
214 3818 285 3893 ᾆσμα
297 3827 349 3877 τῶν
361 3821 494 3893 ᾀσμάτων.
524 3822 731 3901 Fmgmentum
746 3823 872 3880 servavit
886 3822 917 3881 S.
927 3822 1097 3880 Anastasius
1112 3820 1157 3879 Si-

120 3920 201 3977 naita
215 3930 315 3995 quaest.
328 3936 377 3991 41.

161 4013 174 4057 f
192 4016 313 4074 Hieron.
328 4016 407 4092 praef.
422 4018 454 4075 in
472 4019 653 4077 Zachariam.
684 4019 851 4096 Hippolytus
869 4038 970 4096 qaoque
987 4018 1072 4075 edidit
1089 4037 1156 4076 oom-

121 4116 273 4173 mattarios.
308 4115 492 4192 Nicephorus
506 4117 558 4175 IV.
571 4135 619 4191 31.
634 4118 670 4175 εἰς
684 4118 820 4191 Ζαχαρίαν.

161 4223 178 4266 s
197 4213 312 4272 Mentio
327 4214 609 4273 Commentariorum
628 4216 657 4273 in
678 4217 806 4273 Psalmos
825 4216 855 4273 in
872 4216 1013 4273 laterculo
1030 4233 1156 4274 marmo-
