2678 4830
427 494 472 552 IN
493 492 708 553 LIBELLUM

144 685 447 770 Anvuusus
475 688 676 770 onnus
707 686 990 768 umussus

267 911 865 1017 ANNOTATIONES.

455 1200 676 1250 -4—

84 1399 121 1462 P.
138 1415 208 1483 157.
230 1398 250 1462 l.
264 1417 293 1482 3.
319 1401 473 1475 Quonun
496 1396 713 1461 haereticorum
738 1397 810 1485 bc]
835 1399 915 1476 Quae
937 1421 1021 1463 nunc
1044 1422 1092 1464 se-

40 1498 183 1570 quuntur
196 1485 228 1547 in
244 1483 461 1569 Hirsaugiensi
476 1483 582 1547 codice
618 1483 813 1547 raecedebant
825 1482 937 1548 librum
951 1488 989 1548 de
999 1486 1091 1549 Proe-

39 1572 258 1652 scriptionibus,
274 1571 360 1656 quod
382 1569 556 1633 Rhenanus
575 1505 692 1632 librarii
711 1569 832 1633 incuria
851 1570 969 1634 factum
984 1585 1087 1658 putat.

41 1657 82 1719 In
98 1655 328 1720 Patemaciensi
342 1655 447 1719 codice
462 1669 527 1718 erat
546 1669 706 1741 separatus
728 1655 851 1719 libellus
872 1659 1088 1739 ἀνεπίγραφος,

39 1740 71 1803 in
85 1741 184 1806 altero
197 1757 302 1806 autem
318 1741 398 1805 libro
412 1740 539 1804 titulum
556 1740 701 1818 habebat,
715 1743 867 1805 Adversas
882 1744 993 1805 Omrws
1010 1743 1087 1806 Hee-

38 1847 127 1890 reses.
165 1831 276 1914 Atque
290 1828 350 1891 sub
363 1827 423 1890 hoc
439 1825 531 1890 titulo
550 1826 582 1888 in
599 1826 735 1890 editione
751 1828 894 1891 Rhenani
908 1827 968 1892 ista
982 1827 1089 1891 omnia

39 1913 203 1998 separatim
226 1937 340 1978 excusa
361 1926 445 1990 sunt,
464 1935 537 1976 cum
558 1913 591 1975 in
613 1912 721 1976 ceteris
744 1913 933 1978 editionibus
954 1937 1017 1978 uno
1039 1928 1085 1978 te·

39 2020 114 2061 nore
128 2022 199 2062 cum
216 1999 428 2087 superioribus
443 1999 558 2085 conjun
584 2013 691 2062 [intur.
716 2001 873 2063 Ssunun.

82 2085 167 2148 Ibid.
183 2085 204 2148 l.
219 2107 250 2167 4.
277 2088 384 2150 Taceo
404 2084 486 2148 enim
501 2023 656 2150 Judlrismi
679 2084 854 2170 haereticos]
872 2087 954 2149 Haec
968 2083 1087 2170 legerat

38 2171 264 2257 Hieronymus,
281 2195 353 2235 cum
376 2171 525 2234 adversus
548 2170 765 2235 Luciferianos
787 2194 882 2257 agens
907 2172 1016 2248 Taceo,
1036 2170 1086 2232 in-

36 2257 118 2342 quit,
133 2260 172 2320 de
185 2258 340 2321 Judaisrni
356 2258 514 2334 haereticis,
530 2257 668 2340 quiante
682 2259 844 2321 adventum
861 2257 973 2320 Christi
989 2256 1087 2340 legem

38 2345 184 2407 traditam
205 2345 402 2426 dissiparant,
426 2345 506 2428 qaod
527 2344 694 2407 Dositlteas
718 2344 981 2406 Samaritanorum
1001 2342 1087 2424 prin-

37 2450 104 2510 ceps
122 2432 287 2512 prophetas
307 2431 477 2514 repudiavit
495 2431 549 2493 &a
573 2443 604 2492 et
621 2429 714 2507 infra,
730 2431 772 2492 ad
789 2450 839 2492 eos
857 2451 904 2490 me
925 2440 1085 2492 converto.

37 2515 253 2603 Hieronymus
268 2517 336 2581 eod.
352 2518 404 2581 Aa
417 2537 468 2580 eos
482 2517 569 2579 venio
584 2516 750 2592 hereticos,
766 2516 817 2598 qai
831 2514 990 2598 evangelia
1007 2514 1084 2576 laal-

35 2613 171 2665 averaat.
195 2604 343 2666 chnur.
389 2601 532 2666 Libellus
554 2601 613 2664 iste
635 2622 700 2664 una
724 2622 796 2663 cum
817 2599 971 2664 Vincentii
998 2598 1084 2662 Liri-

35 2687 137 2750 nensis
164 2688 406 2764 Commonitorio,
435 2702 466 2752 et
492 2685 682 2750 Tertulliani
703 2688 756 2750 De
786 2686 1083 2767 Praescriptiom'bus,

35 2772 90 2835 sed
111 2773 275 2859 separatim
290 2796 310 2835 a
325 2772 514 2836 Tertulliani
528 2795 633 2858 opere,
648 2771 733 2858 typis
747 2794 881 2834 excusus
900 2784 946 2834 est
966 2770 1026 2833 sub
1045 2770 1084 2834 ti.

35 2857 103 2921 tulo
120 2859 263 2943 Catalogi
277 2858 498 2921 Haereticoram
513 2881 532 2921 a
547 2857 662 2921 Carolo
677 2856 858 2920 Barbiellini
877 2857 985 2920 Romae
999 2879 1084 2920 anno

37 2945 131 3028 1765.
154 2947 228 3029 Ego
243 2943 380 3021 titulum,
415 2943 447 3006 ui
462 2943 494 3006 in
506 2943 580 3008 edit.
591 2942 731 3030 principe
742 2943 815 3006 huic
827 2942 978 3029 opusculo
987 2942 1083 3006 datus

34 3043 92 3106 est,
103 3032 255 3095 Adversas
266 3030 375 3093 Onrrws
423 3050 537 3108 meses,
550 3050 603 3092 sea
615 3029 726 3111 potius,
740 3031 777 3092 de
787 3029 829 3091 H
827 3029 968 3092 ceresibus
977 3027 1081 3108 Liber,

33 3115 148 3203 partim
163 3115 297 3204 praefixi.
894 3112 895 3115 '

78 3203 163 3267 Ibid.
179 3202 201 3266 l.
220 3223 270 3285 19.
293 3200 357 3265 Hic
370 3223 466 3264 ausus
478 3214 524 3264 est
539 3222 690 3264 summam
708 3223 740 3263 se
755 3199 857 3264 dicere
871 3199 1031 3278 virtutem,
1046 3198 1078 3262 id

33 3303 91 3367 est,
112 3311 269 3352 summum
293 3289 412 3371 Deum]
433 3285 581 3350 Similiter
603 3285 708 3350 scribit
725 3286 765 3349 de
786 3286 911 3350 Simone
933 3283 1081 3348 Tertulli-

33 3396 112 3438 anus
138 3374 218 3438 libro
238 3376 276 3436 de
289 3373 399 3436 Anima
420 3396 486 3460 cap.
500 3392 554 3457 34,
578 3383 661 3436 etse
682 3372 801 3455 quidem
810 3372 911 3457 finxit
931 3392 1078 3434 summam

33 3461 171 3523 Patrem.
219 3459 385 3522 Referente
399 3481 527 3545 quoque
543 3460 665 3521 Irenaeo
680 3457 734 3521 lib.
748 3459 799 3521 ΙΙ.
811 3460 906 3520 Advs.
923 3457 1078 3534 Haereses,

32 3567 99 3631 rap.
114 3546 144 3607 8.
158 3544 281 3608 dicebat
305 3544 412 3607 Simon
431 3543 500 3621 iste,
519 3545 711 3626 semetipsum
725 3564 790 3606 esse
803 3565 952 3606 summum
965 3543 1078 3605 Deam.

34 3631 156 3694 Ferunt
167 3630 379 3713 Apostolorum
393 3630 498 3707 Aetas,
514 3629 671 3693 Simonem
685 3629 789 3716 ipsum
803 3628 907 3710 λέγειν
923 3629 998 3692 εἶναι
1012 3652 1079 3691 τινα

34 3716 139 3780 ἑαυτὸν
156 3716 262 3798 μέγαν,
277 3729 405 3778 caeteros
425 3738 498 3779 vero
519 3736 626 3778 omnes
644 3715 683 3778 de
703 3739 740 3779 eo
755 3715 866 3791 dicere,
884 3715 980 3780 Οὗτός
995 3715 1079 3776 ἐστιν

32 3804 51 3882 ἡ
66 3804 185 3881 δύναμις
198 3807 251 3865 τοῦ
266 3806 348 3866 Θεοῦ
361 3803 379 3880 ἡ
394 3802 521 3883 μεγάλη.
537 3824 605 3888 cap.
617 3801 677 3864 viii.
694 3824 806 3866 comm.
821 3821 868 3864 10.
885 3820 935 3862 11.

78 3886 161 3951 Ibid.
182 3886 204 3950 l.
223 3905 275 3952 21.
298 3909 334 3950 ac
348 3887 490 3950 daemone
510 3910 542 3950 se
561 3887 726 3951 oberrante
744 3886 800 3972 qui
820 3901 900 3949 esset
915 3882 1075 3970 sapientia,

33 3972 226 4038 descendisse
241 3972 461 4058 quaerendum]
482 3975 535 4037 Ita
549 3995 581 4035 se
595 3972 690 4036 habet
705 3972 800 4035 editio
815 3971 969 4058 princeps.
1015 3968 1075 4032 Sed

33 4059 64 4122 in
87 4059 212 4123 duabus
234 4058 456 4145 posterioribus
479 4058 621 4122 Rhenani
642 4057 841 4134 editionibus,
863 4079 942 4144 quos
963 4067 1077 4119 secutae

34 4158 107 4208 sunt
132 4145 219 4209 editt.
244 4143 345 4209 Paris.
369 4143 506 4208 Frsnek.
530 4143 717 4229 Rigaltiana,
739 4156 826 4208 extat
848 4164 868 4206 a
890 4143 1025 4205 damone
1045 4161 1078 4203 se

33 4231 198 4313 oberrante,
225 4231 276 4316 qai
298 4240 374 4294 esset
396 4230 557 4314 sapientia,
583 4231 770 4300 descendisse
792 4229 994 4315 quaratdam,
1017 4224 1077 4291 nisi
