2678 4830
13 389 17 397 .
125 327 169 392 32
336 322 681 389 FRAGMENTUM
705 322 951 387 EPISTOLAE

124 533 169 598 με
194 495 368 576 δύνασθαι
393 503 500 593 εἶπεῑν
524 500 582 576 καὶ
606 495 669 576 τὸν
692 493 803 576 τόπον
821 499 858 576 ε’ν
883 491 912 604 ᾧ
936 491 1164 596 καθεζόμενος

126 624 300 725 διελέγετο
325 622 345 703 ό
369 620 539 729 μακάριος
558 622 812 729 Πολάκαρποε,
833 625 891 704 καὶ
908 620 973 706 τὰς
990 619 1164 726 προόδουε

125 753 234 832 αὐτοῦ
258 754 316 833 καὶ
342 750 406 836 τὰς
430 749 588 837 εἰσόδους
606 751 742 832 καὶτὸν
759 755 964 858 χαραιπῆρα
981 759 1045 831 τοῦ
1063 751 1160 848 βίον,

125 883 184 960 καὶ
196 879 262 980 τὴν
274 888 338 960 τοῦ
356 879 523 979 σώματος
536 880 644 978 ἰδέαν,
661 882 719 959 καὶ
736 879 800 963 τὰς
814 878 985 985 διαλέξεις
1002 874 1045 963 ἃς
1063 879 1160 958 ε’ποι·

125 1015 196 1088 εἲτο
212 1007 303 1113 πρὸς
320 1005 362 1089 τὸ
380 1013 533 1108 πλῆθος,
555 1011 612 1088 καὶ
629 1005 695 1108 τὴν
711 1005 801 1108 μετὰ
818 1003 984 1086 Ἰωάννου
1002 1033 1185 1095 ‹surana-5

123 1133 304 1244 στροφὴν,
329 1139 377 1220 ὡς
403 1134 612 1239 ἀπήγγελλε
639 1139 697 1215 καὶ
723 1132 789 1235 τὴν
815 1133 905 1235 μετὰ
930 1140 1002 1213 τῶν
1026 1141 1163 1213 λοιπῶν

57 1328 59 1334 .
122 1271 194 1345 τῶν
223 1261 428 1368 ἑωρακότων
459 1263 522 1344 τὸν
556 1263 702 1368 Κύρων,
738 1267 795 1342 καὶ
824 1266 872 1347 ὡς
903 1258 1163 1362 ἀπεμνημόνευε

18 1477 23 1483 .
122 1391 204 1477 τοῦς
228 1388 360 1494 λόγους
384 1393 513 1490 αῦτεῦν,
534 1396 594 1472 καὶ
617 1395 698 1496 περὶ
724 1399 786 1471 τοῦ
814 1391 948 1495 Κυρίου
972 1391 1052 1469 τίνα
1073 1386 1164 1488 ἧνᾶ

122 1521 205 1624 παρ’
226 1519 364 1600 ἐκείνων
382 1517 532 1620 ἀκηκόει·
564 1523 622 1600 καὶ
645 1523 726 1624 περὶ
747 1526 818 1599 τῶν
840 1515 1019 1618 δυνάμεων
1037 1519 1159 1616 αὐτοῦ,

123 1650 182 1731 καὶ
204 1650 285 1752 περὶ
311 1651 374 1747 τῆς
404 1650 651 1745 διδασκαλείοις,
682 1651 730 1731 ὡς
756 1645 856 1752 παρὰ
879 1654 951 1726 τῶν
978 1647 1203 1728 αι’ντοτιτιῦν10

122 1779 186 1875 τῆς
203 1773 292 1876 ζωηο
312 1783 375 1855 τοῦ
393 1772 507 1877 λόγου
524 1773 754 1884 παρειληφὼς
772 1777 792 1854 ὁ
812 1773 1066 1878 Πολόκαρπος,
1088 1777 1160 1855 άπ-

121 1903 281 2006 ἡγγελλε
300 1900 419 1985 πάντα
440 1902 620 2012 σύμφωνα
639 1912 717 1989 ταῖς
737 1911 907 2012 γραφαῖς.
955 1909 1081 1984 Ταῦτα
1106 1906 1164 1983 καὶ

122 2026 204 2113 τότε
218 2028 279 2115 διὰ
294 2029 337 2109 τῦ
355 2029 453 2114 ἕλεος
469 2040 533 2110 τοῦ
552 2036 646 2112 Θεοῦ
660 2029 702 2110 τὸ
715 2032 768 2111 ἐπ’
784 2033 860 2130 ἐμοὶ
877 2028 1025 2132 γεγονὸς
1042 2064 1158 2110 σπου-

123 2150 229 2243 δαίως
245 2156 387 2257 ἤκουον,
405 2155 768 2259 ῦπομνηματιῷμενος
785 2156 875 2238 αὐτὰ
893 2159 956 2237 οῦκ
974 2159 1011 2236 ἐν
1029 2155 1159 2263 χάριη,

122 2285 207 2367 ἀλλ’
230 2287 268 2364 ἐν
293 2291 338 2392 τῇ
366 2288 433 2392 ἐμῇ
461 2288 599 2393 καρδίᾳ·
630 2289 688 2366 καὶ
716 2291 769 2367 ἀεὶ
796 2284 853 2367 διά
879 2283 945 2386 τὴν
970 2283 1075 2391 χάριν
1100 2293 1201 2374 ross

123 2419 217 2495 Θεοῦ
233 2415 392 2517 γνησίως
409 2413 500 2495 αὐτὰ
520 2418 806 2518 άναμαρνκῶμαι·
838 2417 896 2494 καὶ
914 2412 1064 2513 δύναμαι
1083 2419 1160 2494 δια-

121 2541 371 2647 μαρτύρασθαι
388 2541 591 2646 ἔμπροσθεν
609 2551 671 2625 τοῦ
691 2549 799 2640 Θεοῦ,
821 2540 876 2622 ότι
893 2541 926 2621 εί
947 2576 981 2621 τι
1003 2551 1162 2623 τοιοῦτον

123 2667 261 2770 ἀκηκόει
279 2673 406 2754 ἐκεῖνος
424 2672 444 2750 ὃ
461 2668 631 2774 μακάριος
656 2673 715 2750 καὶ
737 2668 977 2754 ἀποστολικδς
994 2669 1160 2774 πρεσβεί-

271 2800 281 2824 s
385 2794 396 2822 Ι
499 2795 514 2827 κ
609 2802 621 2829 x
660 2801 669 2826 ν
760 2795 772 2823 t
894 2796 905 2826 t
948 2794 963 2830 9
1070 2799 1080 2823 s
1129 2808 1145 2824 a

122 2831 236 2901 τερος,
260 2797 462 2904 ανακραξας
491 2832 536 2877 αν
564 2832 623 2878 και
651 2798 836 2905 εμφραξαο
863 2833 909 2877 τα
936 2833 1011 2878 ωτα
1037 2833 1159 2893 αυτου,

124 3026 180 3082 que
190 3006 307 3084 penitus
320 3007 472 3065 inhaerent.
493 3009 576 3067 Adeo
590 3021 623 3067 ut
665 3010 806 3078 doctrina,
820 3022 906 3086 prout
924 3010 1010 3069 abiis
1024 3011 1075 3086 qui
1089 3012 1161 3070 Ver-

124 3100 154 3149 et
166 3089 265 3148 locum
281 3088 378 3164 ipsum
392 3089 501 3165 possim
514 3090 621 3157 dicere,
664 3091 734 3148 bum
764 3091 832 3148 vitae
862 3091 918 3168 ipsi
952 3104 1162 3168 conspexerant

123 3170 154 3227 in
174 3189 232 3245 quo
250 3170 433 3228 beatissimus
448 3171 622 3248 Polycarpus
664 3173 839 3249 Polycarpus
869 3184 1031 3248 acceperat,
1059 3174 1161 3232 eodem

123 3252 226 3309 sedens
260 3252 436 3319 disserebat3
471 3271 621 3329 processus
661 3273 777 3330 prorsus
790 3253 878 3311 modo
892 3253 1045 3320 referebat,
1057 3255 1089 3311 in
1100 3274 1160 3312 orn·

123 3353 239 3409 quoque
253 3337 315 3412 ejus
329 3345 360 3393 et
372 3334 528 3412 ingressus,
540 3335 621 3395 vitre·
662 3336 747 3393 nibus
757 3354 825 3392 cum
839 3334 989 3410 Scriptura
999 3353 1082 3392 sacra
1092 3354 1160 3394 con-

123 3433 180 3489 que
194 3415 282 3473 totius
298 3414 431 3481 formam,
446 3426 477 3473 et
495 3417 627 3492 eorporis·
662 3416 801 3474 sentiens.
823 3417 895 3473 Haec
910 3435 964 3494 ego
978 3416 1077 3474 divine
1090 3417 1162 3474 mihi

123 3495 268 3570 speeiem
308 3514 456 3556 sermones
495 3497 622 3573 denique
661 3498 802 3576 largiente
818 3498 1058 3555 elementiatunc
1072 3498 1161 3555 studi-

123 3595 201 3650 quos,
215 3577 252 3638 ad
269 3578 411 3654 populum
423 3577 569 3645 habebam
591 3590 622 3636 et
661 3598 727 3636 osus
747 3579 910 3645 audiebam,
930 3598 990 3636 non
1010 3579 1042 3636 in
1062 3580 1164 3637 charte

122 3655 621 3735 famifiaremconsuetudinem,qua
661 3660 764 3718 sedin
787 3661 874 3719 eorde
897 3679 964 3718 meo
988 3660 1091 3718 audita
1113 3661 1162 3718 de·
1206 3712 1208 3719 .

122 3737 168 3800 isli:
188 3757 255 3800 eum
274 3739 399 3807 Joanne,
421 3751 455 3799 ut
474 3742 620 3806 sanabat.
662 3742 814 3800 seribenss
840 3742 1000 3817 eademque
1027 3761 1081 3818 per
1107 3741 1162 3798 Dei

123 3830 154 3878 et
172 3839 239 3882 eum
255 3821 375 3897 reliquis
394 3822 445 3897 qui
464 3822 622 3882 Dominum
662 3823 783 3902 gratiam
803 3824 918 3882 assidue
937 3834 1039 3898 repeto
1060 3842 1096 3880 ac
1115 3841 1161 3880 re-

121 3901 218 3978 ipsum
231 3901 381 3969 vidissent,
399 3904 621 3964 intercesserat:
662 3905 758 3963 volvo.
810 3905 849 3962 Et
869 3905 901 3962 in
924 3916 1084 3981 conspectu
1107 3903 1163 3961 Dei

123 3994 153 4042 et
170 3983 297 4059 qualiter
314 3983 392 4044 dieta
410 3985 525 4045 illorum
542 4005 620 4044 corn-
661 3986 803 4045 affirmare
829 4006 957 4063 possum,
983 3988 1103 4044 beatum
1126 3985 1160 4042 il·

121 4065 313 4133 memorsbat‚
333 4077 363 4124 et
385 4085 566 4144 quecunque
584 4068 620 4126 de
660 4068 721 4126 lum
745 4080 774 4126 et
798 4069 990 4144 apostolicum
1010 4067 1161 4144 presbyte-

121 4144 248 4210 Domino
258 4146 408 4210 &hiisdem
418 4148 557 4210 audierat.
576 4150 620 4206 De
660 4169 735 4214 rum,
751 4150 776 4207 si
789 4150 859 4226 quid
873 4149 1014 4228 eJusmodi
1031 4165 1161 4223 unquam

122 4228 268 4289 miraculis
287 4249 404 4306 quoque
427 4229 504 4291 illius
528 4249 563 4288 ac
583 4231 620 4288 de
661 4231 808 4298 audiisset,
823 4232 1050 4288 exclamatumm
1067 4228 1160 4287 conti-
