2678 4830
128 336 171 405 76
248 339 278 402 S.
295 335 566 401 HIPPOLYTI
589 337 726 401 CONT.
748 336 873 400 ΗΕΒ.
894 337 1057 401 NOETI.

127 492 340 612 εἰσέρχεταί,
373 511 432 588 καὶ
467 505 679 602 βλεπόντων
714 513 884 607 μαθητῶν
921 505 990 589 ὑπὸ
1023 509 1177 616 νεφέλης

128 631 420 734 ἀναλαμβάνεται
441 640 490 719 εὶς
516 633 699 738 οὐρανοὺς,
724 637 783 714 καὶ
809 637 848 714 ἐκ
875 633 1001 739 δεξιῶν
1030 635 1176 742 Πατρὸς

128 760 319 863 καθίζεται,
343 764 401 841 καὶ
424 758 564 862 ζώντων
592 764 651 840 καὶ
678 769 809 866 νεκρῶν
833 762 1068 865 παραγίνεται
1094 798 1173 867 κρι-

127 886 202 987 τής.
251 888 371 972 Οὗτος
397 884 544 984 ὁθεὸς,
566 888 792 992 ὃᾶνθριιατος
816 890 859 966 δι’
883 889 976 987 ἡμᾶς
999 887 1172 991 γεγονῶτ,

125 1010 292 1120 ᾦπάντα
310 1013 482 1120 ὑπέταξεν
501 1011 642 1116 Πατήρ.
674 1015 768 1120 αὐτῷ
790 1015 812 1112 ἡ
835 1009 926 1119 δόξα
944 1011 1062 1094 καὶτὸ
1082 1015 1198 1118 αφά-5

123 1173 184 1224 τος
207 1137 283 1240 ἅμα
307 1143 427 1244 Πατρὶ
448 1144 507 1219 καὶ
530 1141 621 1248 ἁγίῳ
646 1137 845 1238 Πνεύματι,
869 1143 907 1219 ἐν
927 1175 973 1244 τῃ
999 1142 1087 1248 ἁγίᾳ
1111 1144 1170 1221 ε’κ-

122 1269 259 1373 κλησίᾳ
282 1270 341 1346 καὶ
366 1274 429 1345 νῦν
455 1269 514 1346 καὶ
536 1268 590 1344 ἀεὶ
614 1269 673 1345 καὶ
695 1271 744 1350 εἷς
768 1265 851 1351 τοὺς
872 1273 1001 1351 αἰῶνας
1022 1273 1095 1347 τῶν
1113 1274 1171 1348 αὶ·

122 1393 238 1491 ῶνων,
259 1391 367 1493 ἀμήν.

121 1603 283 1680 ingreditur
290 1613 316 1661 ⁸.
341 1603 399 1660 Hic
413 1602 580 1660 videntibus
594 1622 624 1660 a·
666 1613 725 1668 tus,
737 1603 785 1660 cui
796 1603 895 1660 omnia
908 1603 1032 1681 subjecit
1046 1601 1169 1664 Paterd:

120 1684 242 1758 postolis
260 1703 278 1740 a
295 1683 375 1740 nube
393 1684 425 1740 in
442 1683 547 1740 coelum
565 1703 626 1740 sus·
666 1683 723 1758 ipsi
746 1684 838 1761 gloria
862 1695 892 1741 et
918 1684 1074 1760 impen'um
1102 1706 1170 1744 eum

121 1774 223 1838 ceptus
242 1775 286 1821 est
294 1761 321 1828 b,
336 1764 476 1839 sedetque
497 1764 534 1820 ed
555 1764 623 1821 dex·
665 1765 763 1821 Patre'
780 1775 809 1821 et
844 1764 953 1822 Sancto
988 1764 1110 1841 Spiritu,
1138 1768 1171 1825 in

121 1854 215 1900 terem
239 1844 343 1908 Patris,
368 1854 509 1900 venturus
534 1844 624 1921 judex
666 1856 767 1902 sancta
786 1844 919 1910 ecclesia,
936 1856 966 1903 et
984 1865 1074 1912 nunc,
1090 1859 1120 1904 et
1139 1849 1169 1904 in

121 1923 254 1981 vivorum
270 1934 300 1981 et
313 1935 497 1982 mortuorum
506 1933 529 1982 θ.
567 1924 624 1982 Hic
666 1926 773 1983 saecule
786 1927 970 1992 saeculorum,
984 1927 1092 1989 Amen.

120 2004 201 2061 Deus
215 2017 245 2062 et
262 2005 352 2062 homo
365 2016 485 2081 propter
498 2024 552 2062 nos
566 2004 624 2062 fec-

153 2192 168 2222 ·
179 2181 237 2230 Joh.
248 2199 290 2232 xx.
305 2197 343 2246 19⁶
470 2183 485 2221 b
496 2181 580 2230 Actor.
593 2181 609 2229 i.
623 2198 646 2245 9.
772 2192 784 2220 ⁰
796 2183 881 2232 Actor.
893 2200 917 2231 x.
929 2196 970 2242 42.
998 2197 1011 2232 τ
1022 2184 1087 2234 Tim.
1099 2185 1132 2233 iv.
1148 2201 1168 2234 1.

122 2248 135 2286 d
157 2261 167 2294 ι
179 2246 234 2296 Cor.
246 2264 287 2296 xv.
298 2259 337 2311 27.
