2678 4830
183 310 248 375 306
563 307 594 369 S.
614 305 849 369 CYI'RIANI

184 482 384 582 perspicere
408 479 599 578 possimus,
623 478 666 550 ad
692 490 798 577 caput
823 477 898 573 ejus
923 488 1031 571 atquc
1055 472 1242 571 originem

184 624 418 673 recurramus.

235 715 287 788 11.
306 713 504 787 Videamus
524 712 619 785 uude
638 712 747 800 zelus,
765 722 800 782 et
819 708 976 807 quando,
994 720 1030 779 et
1047 705 1242 803 quomodo

184 832 346 930 coeperit.
399 829 555 901 Facilius
579 829 676 900 enim
697 856 716 899 a
735 827 837 899 nobis
863 826 998 898 malurn
1018 839 1092 896 tam
1114 821 1241 920 perni-

184 950 321 1023 ciosum
342 947 524 1034 vitabitur,
543 945 572 1016 si
596 944 757 1041 ejusdem
784 943 867 1015 mali
893 956 928 1015 et
952 942 1051 1040 origo
1070 956 1104 1011 et
1132 967 1267 1035 mag-5

185 1064 311 1138 nitudo
330 1076 507 1135 noscatur.
562 1062 660 1134 Hinc
677 1060 840 1132 diabolus
865 1061 957 1130 inter
983 1058 1083 1130 initia
1108 1057 1238 1129 statim

187 1179 310 1254 mundi
337 1192 373 1252 et
400 1179 504 1277 periit
530 1178 668 1277 primus
696 1191 732 1249 et
758 1175 923 1275 perdidit.
977 1174 1043 1246 llle
1069 1173 1237 1272 angelica

186 1297 371 1394 majestate
390 1295 578 1380 subnixus,
592 1293 652 1366 ille
670 1292 752 1364 Deo
771 1305 938 1389 aceeptus
953 1304 989 1363 et
1007 1316 1120 1378 carus,
1135 1303 1238 1388 post-

184 1441 294 1513 quam
314 1411 498 1485 hominem
516 1409 559 1483 ad
579 1410 773 1509 imaginem
792 1407 864 1480 Dei
879 1409 1015 1480 factum
1031 1406 1237 1505 conspexit,

184 1532 220 1602 in
248 1529 367 1602 zelum
395 1528 564 1600 malivolo
590 1526 701 1599 livore
728 1525 901 1624 prorupit,
925 1550 995 1595 non
1022 1523 1117 1620 prius
1145 1522 1287 1596 alte-10

163 1672 263 1741 ,rum
295 1644 465 1741 dejiciens
496 1643 670 1716 instinctu
701 1641 767 1714 zeli
799 1669 907 1739 quam
940 1640 1015 1739 ipse
1044 1640 1121 1712 zelo
1148 1653 1236 1712 ante

163 1744 353 1859 ldcjectus,
370 1761 533 1859 captivus
558 1773 750 1857 antequam
776 1757 931 1856 capiens,
950 1756 1110 1855 perditus
1132 1768 1236 1829 ante-

162 1862 291 1975 {quam
321 1875 484 1975 perdens,
502 1874 589 1948 dum
618 1874 825 1947 stimulante
852 1874 961 1946 livore
988 1873 1125 1945 bomini
1153 1900 1236 1971 gra-

163 1978 271 2073 ¹itiam
291 1992 383 2064 datae
401 1991 680 2064 immortalitatis
695 1991 811 2090 eripit,
827 1991 901 2090 ipse
917 2017 1061 2088 quoquc
1079 1990 1113 2062 id
1133 1991 1233 2088 quod

167 2080 174 2151 l
182 2111 281 2210 prius
304 2110 420 2182 luerat
444 2109 576 2181 amisit.
628 2109 745 2189 Quale
772 2108 910 2180 malum
935 2121 1001 2195 est,
1026 2106 1149 2179 fratres
1177 2107 1233 2180 di·
1247 2143 1280 2202 15

184 2225 379 2315 lectissimi,
397 2252 469 2324 quo
493 2226 641 2325 angelus
665 2224 806 2313 cecidit,
824 2251 896 2322 quo
920 2224 1170 2297 circumveniri
1194 2239 1233 2297 et

184 2343 340 2416 subverti
366 2343 437 2415 alta
460 2342 521 2415 illa
538 2355 575 2415 et
597 2343 765 2441 praeelara
790 2341 991 2414 sublimitas
1008 2342 1138 2441 potuit,
1157 2367 1232 2438 quo

183 2459 355 2559 deceptus
373 2471 428 2531 est
445 2459 522 2557 ipse
539 2459 602 2555 qui
620 2457 782 2558 decepit!
820 2457 962 2530 Exinde
984 2458 1116 2530 invidia
1133 2485 1232 2557 gras-

184 2593 281 2650 satur
304 2578 340 2649 in
367 2577 480 2666 terris,
505 2576 591 2650 dum
619 2576 729 2648 livore
755 2575 933 2674 periturus
956 2577 1126 2673 magistro
1150 2603 1232 2676 per-

183 2692 330 2766 ditionis
347 2693 567 2791 obsequitur,
584 2691 671 2766 dum
697 2691 881 2765 diabolum
907 2693 967 2789 qui
993 2694 1085 2765 zelat
1108 2692 1282 2766 imita-20

183 2823 251 2899 tur,
270 2811 363 2883 sicut
381 2809 554 2906 scriptum
575 2821 650 2881 est:
677 2809 824 2882 Invidia
841 2819 963 2882 eutem
981 2809 1116 2882 dioboli
1133 2837 1231 2884 mors

182 2926 347 2998 introivit
368 2927 405 2998 in
423 2925 544 2998 orbem
562 2934 758 2998 terrorum.
811 2925 1007 2998 Imitantur
1023 2952 1106 3025 crgo
1125 2928 1229 3000 illum

182 3043 244 3141 qui
263 3056 347 3115 sunt
364 3068 408 3114 ex
428 3055 528 3139 parte
546 3041 634 3138 ejus.
689 3041 790 3113 Hinc
807 3040 962 3140 deniqne
985 3069 1085 3115 novae
1103 3043 1229 3117 frater-

182 3160 306 3234 nitatis
332 3158 447 3259 prima
473 3158 568 3249 odia,
595 3157 682 3231 hinc
707 3158 895 3257 parricidia
926 3158 1079 3232 nefanda
1107 3186 1231 3258 coepe-

182 3290 278 3365 runt,
304 3276 391 3349 dum
423 3276 514 3348 Abel
540 3278 682 3374 justum
709 3275 800 3349 Cain
828 3275 921 3348 zelat
946 3276 1112 3373 injustus,
1138 3277 1227 3351 dum
1243 3309 1279 3366 25

181 3395 319 3467 bonum
349 3393 465 3467 malus
492 3394 625 3466 invidia
648 3406 684 3466 et
708 3392 817 3465 livore
843 3394 1080 3491 persequitur.
1131 3394 1231 3466 Tan-

181 3520 260 3581 tum
289 3509 402 3582 valuit
431 3509 476 3582 ad
506 3508 855 3582 consummationem
886 3508 1051 3583 facinoris
1078 3511 1230 3584 aemula·

181 3624 290 3698 tionis
308 3625 405 3697 furor
421 3639 463 3697 ut
480 3651 547 3698 nec
564 3626 691 3697 caritas
709 3624 837 3713 fratris,
854 3652 920 3697 nee
939 3627 1078 3699 sceleris
1097 3626 1230 3700 imma-

182 3740 288 3830 nitas,
306 3768 371 3814 nec
395 3741 504 3814 timor
525 3740 608 3830 Dei,
631 3767 697 3813 nec
721 3767 831 3840 poena
852 3740 971 3815 delicti
998 3743 1226 3840 cogitaretur.

181 3858 320 3955 Injuste
338 3883 528 3957 oppressus
546 3869 600 3928 est
621 3856 683 3953 qui
701 3857 880 3953 justitiam
905 3859 1042 3957 primus
1061 3859 1227 3932 ostende·
1238 3889 1279 3946 30

181 3990 248 4064 rat,
266 3973 347 4046 odia
366 3999 552 4072 perpessus
571 3973 702 4070 estqui
722 3973 838 4047 odisse
861 4000 932 4046 non
957 3989 1114 4064 noverat,
1132 3981 1225 4050 ocei-

182 4118 241 4165 sus
272 4103 325 4162 est
356 4089 466 4187 impie
498 4088 560 4184 qui
592 4087 746 4160 moriens
778 4116 850 4160 non
881 4092 1115 4188 repugnabat.
1176 4091 1227 4166 Et

20 4234 162 4284 (rennui.
182 4205 280 4306 quod
302 4206 401 4279 Esaii
426 4204 525 4278 fratri
548 4231 613 4277 suo
635 4203 752 4277 Jacob
777 4204 944 4277 inimicus
970 4207 1101 4296 extitit,
1127 4209 1226 4282 zelus
