2678 4830
209 340 585 406 Annornrronus
604 341 654 405 ru
672 339 1006 408 runrummur
1023 344 1079 407 uc.
1115 323 1177 410 rac'

134 510 186 575 cui
204 509 315 576 titulus
329 513 420 577 Hiat.
431 513 519 578 Eccl.
534 515 614 579 Saec.
629 512 709 603 fluet
722 512 767 578 iii.
782 535 822 577 ea
835 516 964 602 scriptia
983 517 1178 582 Tertulliani

134 598 296 662 illustrata
310 621 341 686 p.
353 615 405 684 50.

179 685 337 749 Caeterum
360 685 385 748 si
406 684 478 771 quis
498 699 628 772 propter
648 684 772 749 initium
793 685 889 774 hujus
911 685 1009 773 ipsius
1030 689 1068 753 de
1089 691 1179 753 Pron

134 772 303 857 scriptione
322 773 556 836 Haereticorarn
574 770 669 836 libelli
691 771 795 860 ipsum
817 772 973 856 ἀκέφαλον
991 790 1083 862 putet
1101 797 1177 854 esse,

135 856 224 941 quasi
248 857 322 921 olim
352 857 565 944 praecesserint
592 856 697 944 aliqua
725 872 833 923 contra
856 858 988 923 haereses
1014 859 1179 926 nonnullas

135 943 260 1041 scripta,
276 944 349 1009 huic
371 944 499 1031 quidem
522 944 687 1031 suspicioni
706 944 821 1032 opponi
844 960 946 1031 potest
966 945 1036 1010 finis
1053 963 1085 1012 et
1104 970 1177 1012 con-

135 1028 232 1092 clusio
246 1031 325 1116 ejus.
348 1032 414 1096 Sed
427 1053 512 1094 nnnc
526 1031 661 1118 pelidem,
676 1029 720 1095 ait
735 1045 853 1108 auctor,
865 1033 1061 1120 generaliter
1073 1042 1178 1097 actum

135 1124 181 1179 est
194 1117 283 1181 nolis
297 1118 450 1181 adversae
463 1119 595 1182 laereeee
610 1139 715 1181 onnes
732 1119 826 1181 certis
843 1127 873 1182 et
882 1119 989 1204 jactis
1028 1121 1177 1206 rescrip-

135 1203 272 1267 tionibus
286 1205 478 1290 repellendae
492 1226 513 1267 a
526 1205 688 1277 collatione
702 1205 960 1290 Scriptnrnrurn.
1018 1226 1035 1268 e
1049 1206 1178 1294 reliquo,

134 1289 164 1350 si
186 1290 250 1353 Dei
272 1291 385 1376 gratia
410 1292 572 1367 annuerit,
596 1291 692 1354 etiarn
717 1312 733 1353 a
755 1291 894 1354 ecialiter
918 1291 1104 1377 qnilutsdarn
1129 1314 1180 1355 re-

134 1377 363 1460 spondebimus.
408 1378 454 1439 Et
470 1376 645 1464 Catabgar
660 1313 787 1462 quidim
803 1377 1038 1440 Hoereticornrn
1054 1377 1126 1441 huic
1140 1377 1179 1441 li-

134 1460 192 1524 bro
211 1461 401 1549 quandoque
421 1475 568 1550 tanquam
593 1485 666 1550 pars
688 1462 756 1550 ejus
780 1463 928 1561 subjungi
952 1462 1040 1528 solet.
1085 1464 1178 1528 Idem

135 1570 208 1611 vero
227 1572 299 1612 cum
321 1548 354 1612 in
376 1547 443 1613 aliis
464 1571 552 1612 exem
577 1548 705 1625 laribus,
728 1563 797 1613 tum
818 1571 891 1613 vero
907 1572 939 1612 rn
958 1549 1178 1637 Hirsaugiensi

134 1634 240 1698 codice
258 1635 465 1721 praecedebat,
485 1649 518 1700 et
536 1572 616 1700 aiifis
637 1635 777 1722 profecto
799 1658 819 1699 a
840 1635 1039 1700 Tertulliano
1064 1636 1175 1725 seript-

134 1720 196 1784 oris
210 1721 422 1786 videturesse.
461 1722 512 1786 De
526 1744 590 1808 quo
603 1721 684 1786 libro
697 1722 788 1786 infra.

177 1809 215 1871 P.
229 1810 299 1872 118.
311 1807 331 1872 l.
345 1829 395 1875 12.
410 1808 498 1895 quod
513 1822 634 1872 tantum
646 1808 777 1872 haereses
789 1807 921 1886 valeant,
933 1821 1086 1896 quantum
1098 1808 1174 1894 sint]

136 1894 228 1958 Istud
249 1905 402 1982 qnantum
423 1897 489 1960 sint
510 1893 653 1959 editionis
674 1893 823 1994 principis
843 1893 934 1959 lectio
955 1910 1003 1959 est
1023 1896 1177 1993 probante

135 1979 285 2059 Pamelio‚
306 1980 414 2046 itidem
436 1980 535 2046 lunio
555 1982 588 2044 in
610 1979 691 2045 notis
712 1980 839 2045 editioni
862 1980 1100 2046 Franckenanae
1122 1982 1177 2046 ad-

133 2067 233 2146 nexis,
250 2067 305 2132 ubi
325 2067 380 2146 ait,
396 2076 418 2108 ‘⁴
430 2069 541 2146 Recte,
556 2091 629 2132 nam
651 2067 685 2131 τὸ
709 2068 784 2132 εἶναι
805 2067 963 2131 haereseon
985 2067 1087 2132 valere
1108 2089 1173 2143 est;

134 2162 155 2192 “
195 2176 271 2219 uum
291 2155 428 2242 primum
451 2154 566 2232 valent,
589 2168 683 2227 sumt
706 2175 805 2240 quum
825 2152 963 2240 primum
983 2176 1045 2217 non
1059 2153 1174 2231 valent,

134 2247 156 2279 “
171 2178 346 2306 desinunt?
383 2241 500 2305 Extitit
526 2240 594 2304 haec
619 2239 710 2304 lectio
735 2239 887 2304 referente
913 2239 1064 2316 Pamelio‚
1088 2241 1175 2327 apud

134 2327 321 2405 Quintinum
343 2327 376 2391 in
396 2327 531 2392 editione
553 2326 649 2415 hujus
667 2339 828 2406 tractatus,
851 2325 1006 2391 Gallicum
1032 2349 1071 2389 ue
1095 2328 1177 2413 ejus-

134 2413 204 2476 dem
219 2414 418 2500 interpretem
436 2413 622 2478 Macerium.
660 2415 821 2487 Qrcanturn
839 2421 925 2492 aaut
942 2350 1091 2477 exhibent
1106 2415 1174 2477 De-

133 2499 264 2578 lecerda,
280 2500 335 2586 qui
351 2499 584 2566 Tertullianum
600 2498 699 2564 edidit
714 2498 840 2562 Parisiis
854 2521 936 2562 anno
955 2502 1046 2585 1630,
1063 2499 1173 2564 Chris·

135 2585 299 2674 tianusque
317 2589 432 2674 Lupus
450 2586 483 2650 in
504 2586 578 2652 edit.
595 2586 691 2671 hujus
708 2584 804 2649 libelli
822 2585 979 2650 Bruxellis
993 2608 1075 2649 anno
1093 2588 1173 2672 1675

134 2673 217 2759 typis
229 2673 387 2738 mandata.
420 2673 485 2737 Hic
499 2672 580 2736 enim
596 2671 756 2737 lectionem
773 2671 996 2771 Rigaltianam,
1014 2674 1175 2746 Quantam

132 2762 162 2824 ai
183 2783 246 2824 non
254 2760 427 2845 subrent?
449 2759 644 2859 repudiavit;
668 2759 759 2845 cujus
779 2759 907 2857 quidem
928 2758 1067 2823 lectionis
1086 2759 1175 2844 origo

133 2845 200 2910 haec
214 2846 286 2912 fuit.
322 2847 372 2911 Ad
393 2868 564 2933 marginem
584 2844 727 2910 editionis
749 2845 896 2931 puncipis
914 2845 955 2909 ab
973 2844 1042 2932 ipso
1056 2844 1175 2909 editore

134 2934 233 2996 Beato
255 2931 409 2998 Rhenano
470 2933 563 2996 situm
581 2931 916 3019 est‚Alids‚quantunr
931 2933 1173 3017 sintfiliseent.

134 3020 179 3082 Et
200 3018 240 3082 ad
264 3020 383 3083 tertiam
404 2957 570 3083 ediiionem
589 3040 677 3083 suam
696 3041 778 3082 anno
795 3019 887 3102 1528.
901 3017 985 3081 idem
1001 3017 1174 3082 Rhenanus

133 3104 192 3168 hoc
209 3106 417 3184 annotavit,'“
431 3106 497 3170 Scri
521 3105 617 3170 simus
634 3115 787 3192 qnantum
806 3106 835 3168 ai
855 3127 919 3168 non
927 3105 1086 3191 ficissent,
1102 3127 1174 3168 eon-

134 3200 156 3230 “
171 3191 374 3257 sentientibus
388 3129 616 3279 exempiitribus
630 3190 801 3278 plurimis.''
833 3192 1054 3277 Memoratque
1067 3191 1099 3253 in
1116 3190 1174 3255 hac

132 3294 220 3365 parte
243 3278 426 3343 Vaticanum
451 3278 591 3343 codicem
617 3280 693 3341 MS.
718 3275 885 3341 Pamelius.
931 3279 1018 3341 Tum
1043 3276 1172 3342 veroin

131 3366 205 3431 edit.
228 3365 325 3430 Paris.
352 3367 434 3451 1556
453 3387 577 3438 excusa,
597 3388 670 3451 quae
688 3363 827 3450 quidem,
844 3379 881 3428 ut
899 3363 977 3441 dixi,
992 3362 1173 3427 Gelenianae

130 3452 274 3540 repetitio
293 3467 350 3530 est,
366 3452 426 3516 hoc
443 3466 540 3530 extat,
558 3454 719 3525 Quantam
737 3473 800 3514 non
822 3451 972 3528 ualerent,
987 3451 1016 3513 ai
1035 3472 1098 3513 non
1107 3450 1174 3535 jie-

129 3541 236 3604 iaaent.
282 3539 428 3625 Denique
450 3561 509 3626 ope
532 3561 608 3603 usus
632 3536 857 3623 exemplarium
877 3535 1037 3623 Agobardi
1058 3553 1089 3600 et
1114 3536 1174 3599 Di-

130 3625 283 3690 vienensis
304 3624 474 3713 Rigaltius,
498 3639 601 3711 spreto
616 3622 736 3711 judicio
757 3622 886 3686 Pamelii
908 3637 940 3686 et
959 3624 982 3686 J
985 3621 1061 3701 unii,
1081 3621 1172 3703 illud,

130 3722 282 3798 quantum
296 3715 326 3777 si
344 3735 408 3776 non
415 3713 577 3799 fuissent,
592 3733 663 3775 cum
678 3708 928 3796 interrogationis
942 3709 1041 3796 signo,
1056 3709 1089 3771 in
1104 3709 1172 3773 edi-

130 3797 245 3862 tionem
267 3821 354 3863 suam
377 3797 576 3885 posteriorem
598 3795 725 3883 recepit,
745 3819 817 3896 quae
838 3819 921 3860 anno
942 3798 1025 3881 1634
1044 3795 1170 3882 prodiit.

131 3885 315 3950 Con'eeerat
328 3900 432 3949 autem
447 3883 583 3961 Latinus
598 3882 744 3948 Latinius
757 3906 789 3947 rn
801 3883 994 3948 Bibliotheca
1003 3883 1172 3947 suaSocra

129 3979 159 4034 et
177 3909 324 4057 lirrfirna
341 3995 372 4058 p.
392 3989 461 4055 197.
485 3970 714 4047 emendandum
738 3993 814 4047 esse,
836 3992 899 4033 non
926 3977 1079 4056 wantum
1104 3970 1171 4031 sint

129 4067 353 4144 pro-quantam
367 4060 444 4122 sint.
485 4059 559 4144 Ego
579 4055 667 4120 nulla
687 4056 798 4119 harum
819 4055 985 4120 lectionum
1006 4067 1170 4119 contentus

129 4153 279 4229 reponere
293 4144 403 4222 ausim,
418 4153 571 4231 quantam
587 4144 714 4230 possint
732 4165 791 4229 pro
807 4149 960 4228 querutum
977 4143 1053 4214 sint,
1070 4153 1106 4203 ut
1120 4139 1175 4210 lo-¹

130 4253 185 4293 cus
203 4229 254 4328 'ita
277 4229 410 4318 legatur,
434 4231 517 4318 paud
544 4239 667 4295 tanturn
695 4228 829 4294 laeresea
856 4229 992 4308 adeant,
1017 4235 1170 4314 qnantum

129 4331 257 4404 possint.
661 4337 665 4343 ·
754 4352 756 4356 ·
869 4347 872 4355 Α
