2678 4830
520 274 786 348 LECTORI.
1137 278 1177 348 iii

130 469 404 552 ecclesiastica
432 498 507 552 sua
539 471 732 580 dignitas
762 472 829 553 cui
859 472 1031 581 quidem
1060 473 1179 555 insti-

129 618 300 697 tuendae
337 618 609 726 praerogativa
647 615 777 699 civilis
815 617 952 698 fuerat
992 618 1173 700 initium.

128 760 236 848 Quae
265 789 387 869 porro
418 761 713 844 deferebantur
741 762 795 843 ad
823 763 1061 872 episcopum
1092 763 1177 845 Ro-

127 932 301 985 manum
332 905 640 1013 appellationes,
670 934 773 1015 quas
801 906 943 988 favens
976 908 1026 1004 ei,
1054 920 1097 989 et
1130 908 1174 990 in

126 1048 330 1131 honorem
350 1050 389 1130 S.
404 1049 528 1146 Petri,
548 1062 803 1132 concesserat
821 1049 1060 1134 Sardicense
1079 1081 1176 1134 con-

126 1193 283 1290 cilium,
321 1206 371 1274 ut
414 1193 612 1276 nimirum
655 1222 787 1276 causae
833 1194 1058 1292 nonnullae,
1097 1197 1174 1279 etsi

125 1339 243 1450 prius
264 1338 475 1449 judicatae,
493 1341 527 1421 si
552 1352 691 1421 tamen
717 1339 907 1448 pontifex
932 1338 1003 1422 ille
1026 1340 1086 1421 ita
1106 1344 1175 1450 ju-

125 1485 253 1580 beret,
287 1484 330 1564 in
363 1486 507 1566 eadem
538 1486 709 1594 quidem
741 1484 950 1593 provincia
980 1496 1175 1568 retracta·

126 1641 284 1725 rentur,
304 1629 378 1710 has
402 1630 550 1739 utique
569 1630 880 1740 provocationes
899 1631 1091 1712 universa
1110 1660 1175 1714 ec-

125 1772 250 1855 clesia
270 1774 514 1881 neutiquam
531 1775 749 1855 sanciebat.
785 1773 909 1862 Quod
924 1773 1094 1883 quidem
1109 1805 1174 1858 ca-

125 1947 237 2001 none
256 1931 372 2000 sexto
394 1918 568 2001 Concilii
592 1919 771 2000 Secundi
790 1919 993 2027 generalis
1012 1920 1173 2029 liquido

125 2066 373 2146 ostenditur.
432 2065 635 2173 Idemque
664 2067 904 2174 comprobat
936 2093 1068 2147 canon
1100 2095 1174 2149 no-

126 2235 206 2288 nus
234 2207 593 2290 Chalcedonensis
651 2208 764 2298 Quin
798 2221 842 2291 et
872 2209 1008 2316 ipsum
1040 2210 1174 2292 conci-

125 2348 231 2432 lium
251 2353 489 2435 Sardicense
509 2353 660 2435 saeculo
684 2382 795 2435 nono
819 2352 935 2434 haud
959 2365 1173 2461 receptum

125 2522 150 2574 a
170 2495 326 2577 Graecis
351 2497 488 2594 fuisse,
508 2527 560 2578 ex
583 2496 756 2605 epistola
779 2497 929 2578 scimus
955 2495 1117 2577 Nicolai
1139 2496 1173 2576 I.

125 2638 334 2746 pontificis
369 2640 549 2721 Romani
579 2641 633 2721 ad
662 2639 895 2721 Photium⁰.
954 2640 1091 2720 Taceo
1119 2640 1173 2722 de

125 2782 311 2892 epistolis
343 2785 810 2894 pseudo-decretalibus
842 2786 885 2867 in
918 2785 1070 2894 quibus
1103 2813 1174 2894 ap-

125 2927 370 3037 pellationes
396 2930 486 3011 istae
512 2942 739 3040 apparent3
768 2930 834 3011 hae
854 2931 966 3011 enim
986 2928 1171 3038 epistolae
1292 3046 1295 3051 .

124 3100 280 3154 merces
310 3085 478 3154 tantum
512 3073 688 3170 furtivae,
718 3085 761 3155 et
793 3071 918 3181 paulo
951 3085 1049 3153 ante
1082 3070 1171 3153 haec

125 3227 311 3325 tempora
333 3217 536 3299 Photiana
555 3217 749 3314 inductae,
769 3244 882 3297 nunc
902 3214 1094 3297 omnibus
1113 3215 1168 3296 vi-

124 3360 290 3441 dentur.

175 3503 256 3584 Sed
275 3504 365 3586 haec
385 3503 598 3585 hactenus,
648 3504 708 3584 Ut
726 3503 833 3599 libri,
854 3530 957 3612 quos
977 3503 1066 3598 edo,
1082 3506 1171 3611 jam

125 3649 214 3728 noti
230 3648 306 3731 tibi
319 3649 434 3746 fiant,
446 3649 593 3744 dicam,
603 3647 676 3756 qui
692 3648 777 3727 sint
791 3646 944 3756 singuli
956 3657 999 3728 et
1013 3675 1168 3729 omnes

125 3788 191 3873 De
224 3795 387 3876 unitate
421 3792 575 3876 Divina
605 3804 648 3874 et
683 3791 780 3873 Filii
814 3804 965 3872 natura
998 3792 1170 3905 exponit

125 3937 160 4016 S.
178 3937 399 4046 Hippolyti
427 3949 571 4018 contra
601 3936 787 4018 Noetum
817 3963 930 4044 opus.
989 3933 1171 4016 Haeresis

124 4108 219 4162 vero
239 4082 470 4189 omnigenae
494 4110 580 4190 prae
600 4080 871 4163 ecclesiastica
889 4077 1078 4160 doctrina
1098 4105 1171 4159 no-

306 4260 447 4318 cConcil.
462 4271 534 4318 torn.
546 4261 583 4317 V.
598 4279 664 4338 pag.
681 4272 747 4333 135.
763 4258 832 4315 edit.
849 4256 993 4314 Harduin.

621 4377 640 4417 a
656 4372 674 4418 2
