2678 4830
179 304 244 370 120
528 299 871 365 TERTULLIANI

178 490 238 578 tyr
263 477 383 574 lapsus
410 500 430 546 a
455 474 578 572 regula
604 471 722 560 fuerit,
749 471 830 544 ideo
857 469 1008 542 haereses
1038 467 1225 543 veritatem

178 592 396 666 videbuntur
413 589 602 663 obtinere?
631 589 691 662 Ex
712 587 873 688 personis
890 587 1085 685 probamus
1104 583 1228 669 fidem,

181 732 226 784 on
245 735 290 782 ex
308 707 379 781 fide
396 707 591 807 personas?
620 705 743 778 Nemo
761 703 901 803 sapiens
920 715 985 793 est,
1003 701 1071 775 nisi
1089 700 1229 773 fidelis:

17 839 138 893 Manxt
182 853 292 900 nemo
315 825 440 923 major,
457 823 525 897 nisi
550 823 797 896 Christianus:
825 847 932 894 nemo
959 832 1081 892 autem
1104 818 1230 891 Chris·

18 908 129 958 Mm
182 943 313 1032 tianus,
330 942 398 1015 nisi
417 942 480 1039 qui
500 941 544 1015 ad
564 943 673 1013 finem
694 966 809 1037 usque
827 937 1114 1037 perseveraverit.
1159 936 1256 1024 Tu,5

181 1072 224 1132 ut
250 1059 372 1149 homo,
398 1058 619 1132 extrinsecus
645 1081 945 1154 unumquemque
970 1053 1088 1126 nosti:
1124 1064 1229 1151 putas

182 1173 279 1272 quod
305 1172 426 1247 vides:
462 1172 560 1246 vides
586 1186 707 1246 autem
739 1197 928 1268 quousque
954 1169 1077 1242 oculos
1106 1168 1228 1240 habes.

19 1290 159 1420 {wm
183 1290 256 1363 Sed
285 1289 393 1381 oculi,
421 1290 550 1387 inquit,
575 1288 730 1371 Domini
755 1287 834 1361 ulti.
873 1286 996 1360 Homo
1021 1282 1230 1384 infaciem,

20 1391 110 1471 amni
121 1390 167 1470 u'
185 1408 294 1481 Dens
310 1407 349 1480 in
369 1407 576 1504 precordia
594 1404 871 1502 contemplatur.
914 1402 965 1475 Et
981 1402 1063 1474 ideo
1083 1426 1230 1500 cognos-

19 1486 94 1601 hiii
105 1503 147 1600 {l
184 1525 234 1598 ott
251 1524 434 1597 Dominus
454 1524 516 1622 qui
537 1533 624 1596 sunt
648 1521 749 1622 ejus:
777 1533 824 1610 et,
836 1519 1019 1618 plantum,
1036 1544 1142 1616 quom
1158 1544 1230 1590 raon
1244 1547 1280 1584 10

20 1655 95 1704 Μιιι
107 1656 141 1704 iii
178 1639 366 1738 plantavit
385 1640 512 1727 Pater,
531 1639 720 1711 eradicat.-
748 1651 785 1710 et
806 1638 850 1710 de
865 1636 999 1735 primis
1021 1633 1231 1707 novissimos

21 1767 127 1819 Ιιιιιιὶ
184 1755 362 1830 ostendit:
391 1769 428 1829 et
451 1753 695 1829 ventilabrum
720 1754 760 1827 in
785 1780 896 1827 monn
916 1761 1044 1850 portat
1069 1751 1120 1824 ud
1141 1777 1232 1848 pnr-

181 1872 345 1972 gandum
362 1897 487 1945 areum
502 1897 617 1945 suom.
652 1871 808 1943 Avolent
825 1883 1000 1967 quantum
1019 1869 1153 1958 volent,
1169 1895 1232 1967 pa-

185 1989 251 2061 leae
277 1988 364 2062 levis
386 1986 470 2060 fidei
496 2013 728 2085 quocumque
754 1988 872 2060 afflatu
899 1985 1161 2070 tentationum3
1188 2013 1231 2058 eo

185 2103 309 2204 purior
327 2130 442 2177 massa
459 2103 632 2175 frumenti
651 2102 688 2175 in
708 2102 833 2175 horrea
854 2101 1006 2174 Domini
1029 2115 1230 2201 reponetur.
1245 2129 1278 2190 15

21 2234 93 2283 Joan·
105 2233 138 2282 vi·
186 2220 321 2294 Nonne
341 2223 385 2292 ab
404 2219 482 2319 ipso
499 2219 662 2293 Domino
681 2219 829 2316 quidam
847 2216 1064 2292 discentium
1086 2218 1233 2292 seanda-

186 2337 285 2411 lizati
303 2336 546 2411 diverterunt?
575 2336 656 2409 Nee
674 2352 796 2409 tamen
813 2348 1002 2436 propterea
1020 2335 1126 2408 ceteri
1144 2363 1233 2433 quo-

186 2480 257 2551 que
283 2453 540 2528 discedendum
568 2481 588 2526 a
614 2452 774 2551 vestigiis
800 2451 876 2548 ejus
902 2465 1139 2551 putaverunt:
1170 2451 1232 2525 sed

186 2569 248 2666 qui
276 2569 433 2642 scierunt
452 2570 556 2642 illum
574 2569 656 2643 vitae
680 2596 756 2641 esse
771 2570 947 2657 Verbum,
964 2581 1001 2641 et
1026 2596 1046 2640 a
1068 2568 1151 2641 Deo
1174 2594 1233 2640 ve-

185 2684 291 2774 nisse,
320 2698 635 2783 perseveraverunt
664 2685 703 2758 in
729 2685 905 2758 comitatu
938 2685 1014 2780 ejus
1043 2710 1158 2781 usque
1188 2685 1230 2756 ad
1245 2714 1282 2754 20

187 2801 320 2873 finem:
343 2827 426 2873 cunr
447 2801 528 2891 illis,
545 2801 574 2873 si
592 2802 726 2874 vellent
743 2814 780 2873 et
797 2800 867 2900 ipsi
884 2800 1075 2890 discedere,
1091 2800 1233 2900 placide

25 2913 386 2988 arim-inobtulisset.
437 2917 564 2989 Minus
590 2930 645 2990 est
671 2917 700 2989 si
726 2930 763 2990 et
789 2919 991 3018 apostolum
1018 2918 1095 3016 ejus
1121 2916 1233 3014 aliqui

186 3032 395 3131 Phygellus,
417 3045 454 3106 et
479 3034 744 3132 Hermogenes,
764 3047 801 3107 et
825 3018 1001 3125 Philetus,
1027 3048 1064 3108 et
1090 3035 1235 3134 Hyme-

186 3175 286 3224 naeus
311 3149 555 3248 reliquerunt:
583 3151 659 3251 ipse
681 3150 830 3223 traditor
847 3151 983 3224 Christi
1002 3152 1046 3224 de
1063 3151 1233 3250 apostolis

25 3267 266 3341 nimmtfujt,
318 3266 499 3341 Miramur
523 3268 568 3340 de
596 3268 755 3341 eeclesiis
785 3267 874 3363 ejuS,
904 3267 933 3340 si
964 3296 984 3340 a
1015 3267 1233 3364 quibusdam
1245 3292 1279 3352 25

186 3382 408 3473 deseruntur,
424 3411 509 3457 omn
535 3411 577 3457 ea
601 3412 666 3457 nos
686 3383 881 3486 *ostendant
898 3385 1135 3473 Christianos,
1153 3409 1233 3480 quae

27 3518 122 3568 ηοω.
135 3515 162 3564 ii.
186 3499 346 3597 patimur
363 3499 408 3572 ad
425 3501 634 3600 exemplum
656 3501 767 3600 ipsius
785 3501 945 3575 Christi?
971 3501 1034 3574 En
1050 3502 1162 3590 nobie,
1179 3500 1234 3571 in-

187 3612 278 3712 quit,
297 3615 528 3710 prodierunt,
545 3616 611 3689 sed
633 3643 703 3689 non
715 3614 882 3717 fuerunt
906 3644 949 3691 ex
967 3607 1089 3701 nobis3
1117 3618 1151 3689 si
1162 3613 1235 3716 fn

187 3731 299 3803 issent
317 3756 362 3803 eo·
378 3733 490 3821 nobis,
502 3734 790 3830 permansissent
806 3735 934 3834 ntique
949 3736 1143 3808 nobiscnm.

60 3861 143 3910 CAP·
238 3847 339 3931 Quin
364 3849 484 3947 potius
511 3877 688 3923 memores
715 3851 827 3924 simus
854 3865 928 3924 tam
956 3851 1284 3939 Dominicarum30

79 3935 126 3984 Ν
186 3962 547 4066 praenuneiationum,
577 3991 685 4062 quam
717 3966 993 4065 apostolicarum
1021 3968 1236 4054 litterarum,

188 4106 269 4177 quae
290 4079 394 4154 nobis
412 4091 449 4151 et
473 4079 609 4152 futuras
635 4081 786 4154 haereses
804 4083 1107 4181 praenunciarunt,
1125 4094 1162 4154 et
1178 4081 1236 4154 lu-

189 4194 335 4291 giendas
360 4194 626 4295 praefinierunt:
653 4209 690 4269 et
712 4196 805 4270 sicut
828 4224 906 4270 esse
928 4198 1005 4271 illas
1029 4225 1101 4272 non
1127 4223 1235 4296 expa-
