2678 4830
374 307 561 371 CONTRA
585 307 815 373 HAERESIM
839 310 999 374 NOETI.
1168 313 1210 378 47

225 476 276 573 θ.
309 485 358 560 Οἱ
387 480 471 592 (cor.
495 481 568 590 Οἳ)
595 486 653 562 καὶ
675 482 785 589 δεῖξαι
806 482 1000 578 βούλονται
1025 482 1209 564 σύστασιν

172 613 222 715 τῷ
239 605 405 711 δόγματι,
427 609 602 712 λέγοντες.
652 606 762 691 Εἶπεν
780 613 818 691 ἐν
837 609 945 720 νόμῳ·
977 611 1075 714 Ἐγώ
1096 618 1165 713 εἰμι
1188 615 1209 692 ὁ

173 733 264 821 Θεὸς
281 743 353 816 τῶν
370 738 532 841 πατέρων
550 741 659 838 ὑμῶν·
691 741 755 818 οὐκ
773 740 915 820 ἔσονται
934 743 1015 840 ὑμῖν
1028 744 1114 819 Θεοὶ
1131 741 1206 819 ἕτε-

171 898 226 967 ροι
250 863 349 965 πλὴν
377 867 475 964 έμοῦ.
515 869 573 979 ιςαὶ
596 865 708 947 πάλιν
730 870 768 947 έν
785 869 902 975 ἑτέρῳ·
943 867 1056 970 Ἐγώ,
1078 875 1206 975 φησιν,

145 1000 325 1096 5πρεῖντος,
346 997 405 1072 καὶ
429 992 595 1098 ἔσχατος,
617 998 675 1073 καὶ
698 998 771 1094 μετ’
792 996 852 1096 ἐμὲ
874 998 937 1076 οὔκ
962 998 1061 1074 ἔστιν
1083 997 1205 1080 οὐδείς.

171 1123 262 1201 οὕτω
287 1119 493 1229 φάσκουσιν
514 1129 691 1230 συνιστᾷν
714 1125 775 1203 ἕνα
793 1121 898 1204 Θεόν.
930 1124 963 1205 οἳ
983 1126 1060 1234 (for.
1075 1123 1108 1204 οἳ
1125 1123 1207 1231 καὶ)

171 1252 419 1352 ἀποκρίνονται
450 1249 626 1352 λέγοντες·
671 1257 716 1330 Εἰ
752 1252 814 1330 οὖν
844 1252 1007 1355 Χριστὸν
1043 1256 1209 1354 ὁμολογῶ

172 1378 280 1476 Θεὸν,
309 1376 415 1462 αὐτὸς
446 1377 516 1482 ἄρα
546 1381 646 1460 ἐστὶν
678 1380 697 1457 ὁ
730 1377 870 1482 Πατήρ·
904 1386 933 1459 εἰ
964 1379 1035 1485 γὰρ
1062 1383 1160 1460 ἐστὶν
1189 1381 1209 1459 ὁ

173 1503 280 1604 Θεὸς,
307 1505 436 1586 ἔπαθεν
461 1505 498 1586 δὲ
522 1505 696 1609 Χριστὸς,
722 1505 828 1590 αὐτὸς
850 1505 899 1587 ὧν
924 1507 1030 1606 Θεὸς,
1055 1507 1125 1611 ἄρα
1147 1508 1209 1587 οὖν

127 1674 164 1713 ιο
172 1635 301 1715 ἔπαθεν
333 1634 475 1738 Πατὴρ,
507 1633 635 1737 Πατὴρ
667 1633 738 1738 γὰρ
769 1634 875 1720 αὐτὸς
906 1633 962 1735 ἦν.
1011 1637 1118 1715 Ἀλλ’
1142 1637 1210 1740 οὐχ

172 1765 291 1847 οὕτως
308 1763 392 1868 ἔχει,
422 1761 598 1866 οὐδὲγὰρ
626 1764 736 1847 οὕτως
763 1768 799 1841 αὶ
827 1767 966 1871 γραφαὶ
993 1769 1205 1865 διηγοῦνται.

170 1899 325 1996 χρῶνται
352 1890 390 1970 δὲ
417 1893 475 1970 καὶ
501 1890 632 1993 ἑτέραις
654 1892 874 1995 μαρτυρίαις,
909 1891 1087 1992 λέγοντες,
1118 1891 1209 1970 οὕτω

171 2020 379 2122 γέγραπται.
420 2017 537 2101 Οὗτος
567 2018 587 2096 ὁ
619 2017 711 2102 Θεὸς
738 2019 852 2119 ἡμῶν,
880 2020 923 2098 οὐ
950 2016 1210 2120 λογισθήσεται

171 2146 286 2249 ἕτερος
309 2146 399 2250 πρὸς
421 2141 540 2224 αὐτόν·
590 2144 734 2250 ἐξῆυρεν
751 2152 875 2226 πᾶσαν
894 2145 977 2225 ὁδὸν
994 2144 1207 2246 ἐπιστήμης,

125 2277 229 2376 15Καὸ
251 2274 378 2353 ἔδωκεν
405 2271 516 2372 αὐτὴν
543 2271 674 2367 Ἰακὼβ
702 2278 752 2380 τῷ
775 2276 875 2353 παιδὶ
900 2275 1024 2370 αὐτοῦ,
1046 2276 1103 2351 καὶ
1128 2275 1208 2351 Ἰσ-

171 2401 267 2506 ραὴλ
291 2407 341 2509 τῷ
366 2401 581 2508 ἠγαπημένῳ
604 2403 660 2481 ὑπ’
680 2403 801 2481 αὐτοῦ·
832 2399 922 2499 μετὰ
940 2411 1052 2480 ταῦτα
1070 2402 1128 2479 ε’πὶ
1145 2403 1212 2500 γῆς

172 2526 291 2636 ὤφθη,
324 2532 382 2607 καὶ
414 2536 486 2610 τοῖς
517 2527 717 2630 ἀνθρώποις
746 2524 1037 2633 σννανεστροὶφη.
1098 2527 1212 2632 Ὁρᾷς

172 2656 247 2754 οὖν,
270 2663 399 2764 φησιν,
420 2655 474 2734 ὅτι
493 2651 593 2738 οὗτός
612 2656 748 2734 ἐστινὸ
768 2653 875 2751 Θεὸς,
900 2655 920 2732 ὁ
942 2650 1050 2752 μόνος
1067 2650 1132 2751 ὧν,
1152 2657 1212 2734 καὶ

172 2785 321 2888 ὕστερον
340 2787 484 2890 ὠφθεὶς,
502 2785 559 2861 καὶ
577 2789 651 2866 τοῖς
669 2781 866 2885 ἀνθρώποις
885 2785 1209 2891 συναναστραφείς.

211 2995 251 3054 11.
266 2995 379 3052 Volunt
393 3006 491 3052 autem
506 2994 669 3072 dogmasu·
710 3005 755 3050 rat
768 2994 840 3069 ipse.
870 2996 911 3052 At
924 3014 984 3052 non
999 2996 1039 3052 sic
1055 3007 1108 3054 est.
1141 2995 1212 3052 Non

171 3096 220 3134 um
241 3077 419 3134 constituere
439 3087 469 3133 et
488 3077 668 3140 confirmare,
712 3075 789 3132 enim
810 3076 851 3133 sic
874 3076 1029 3151 Scripturae
1051 3089 1211 3152 exponunt.

172 3159 239 3234 quia
263 3169 307 3214 est
330 3158 360 3214 in
385 3158 469 3236 lege:
503 3157 590 3232 ειΕρο
613 3177 671 3213 sum
711 3156 842 3212 Utuntur
855 3168 995 3232 praeterea
1006 3158 1069 3213 aliis
1081 3158 1210 3214 testimo-

170 3239 247 3296 Deus
254 3247 366 3313 patrum
380 3246 496 3295 tuorum.
519 3239 584 3294 Νοιι
594 3246 672 3294 erunt
711 3237 776 3293 niis.
813 3236 861 3293 Sic
879 3237 956 3293 enim
971 3238 1052 3293 aiunt
1072 3238 1211 3311 scriptum

170 3321 244 3377 vobis
271 3320 321 3376 alii
343 3320 396 3377 Dii
417 3328 521 3394 praeter
547 3339 597 3377 me.
633 3320 672 3376 Et
713 3337 787 3374 esse:
805 3317 879 3373 effic
892 3317 968 3373 Deus
981 3325 1089 3384 nostem·
1104 3336 1155 3373 ιιοιι
1169 3337 1211 3373 re-

170 3420 269 3458 rursus
288 3402 320 3458 in
340 3401 397 3458 alio
418 3397 593 3475 loco,quo
614 3420 671 3457 sum
706 3399 850 3472 putabitur
863 3398 933 3454 alius
951 3399 988 3454 ad
1005 3418 1082 3454 eum:
1104 3399 1210 3454 adinve-

163 3484 281 3556 ρνίιιινς,
307 3491 333 3539 et
360 3502 408 3557 ιρο
435 3483 609 3549 ιιονὶςςίιααες
644 3490 670 3537 et
710 3481 750 3535 nit
764 3499 863 3535 omnem
876 3480 948 3535 viam
960 3481 1085 3546 scientioe,
1098 3489 1124 3536 et
1139 3480 1212 3536 dedit

162 3573 228 3638 post
241 3583 282 3619 me
295 3583 345 3620 non
359 3573 399 3620 est
413 3564 492 3621 alius.
526 3563 574 3620 Sic
589 3563 670 3619 aiunt
709 3581 767 3617 eam
787 3561 872 3617 Jacob
889 3580 976 3634 puero
995 3581 1051 3628 ςαο,
1073 3570 1100 3618 et
1120 3561 1214 3619 Israel

168 3663 200 3702 se
221 3644 344 3721 probare
367 3664 458 3702 unum
480 3663 541 3702 esse
562 3645 668 3702 Deum.
709 3642 805 3698 dilecto
818 3661 875 3708 ςαο,
886 3652 952 3717 post
966 3643 1020 3699 Ιιαι
1034 3645 1061 3699 in
1075 3644 1157 3700 terris
1170 3643 1210 3698 vi-

168 3727 207 3783 Et
240 3726 434 3801 respondent:
470 3727 494 3783 si
522 3726 669 3782 Christum
707 3732 816 3789 susest,
831 3733 929 3781 etcum
944 3724 1211 3781 hominibusconver-

169 3808 342 3864 confitemur
364 3808 469 3872 Deum,
495 3807 583 3884 igitur
607 3807 668 3882 ipse
708 3813 783 3861 satus
796 3814 845 3862 est.
882 3806 972 3862 Vides
991 3805 1088 3883 igitur,
1103 3806 1209 3881 inquit,

169 3899 213 3945 est
233 3889 329 3954 Pater,
345 3888 368 3944 si
387 3899 432 3946 est
448 3889 545 3945 Deus:
568 3906 668 3961 passus
710 3886 788 3961 quod
808 3887 856 3943 hic
879 3898 922 3944 est
945 3888 1034 3953 Deus,
1059 3888 1108 3962 qui
1132 3887 1210 3943 solus

168 3988 238 4026 vero
256 3980 301 4026 est
315 3969 446 4026 Christus
463 3970 551 4033 Deus,
568 3988 668 4044 passus
710 3978 763 4032 est,
787 3978 817 4023 et
841 3980 943 4042 postea
963 3968 994 4025 in
1015 3969 1098 4025 terris
1118 3967 1208 4030 visus,

119 4087 122 4091 ι
167 4049 255 4127 igitur
269 4061 313 4107 est
326 4050 426 4116 Pater;
446 4051 532 4107 Pater
546 4050 624 4107 enim
639 4070 667 4107 e·
710 4060 740 4104 et
751 4067 817 4105 cum
828 4049 993 4107 hominibus
1004 4046 1208 4106 conversatus?

217 4227 322 4276 ῦΕιοᾱ.
333 4243 366 4275 111
379 4225 402 4275 6.
419 4243 495 4290 mg.
595 4228 686 4277 bEsai.
698 4227 756 4276 xliv.
768 4227 817 4276 xlv.
830 4240 853 4290 5.
945 4226 1067 4276 cBaruch
1077 4225 1110 4271 iii.
1123 4221 1162 4284 36.
