<?xml version="1.0" encoding="UTF-8"?>
<!DOCTYPE html PUBLIC "-//W3C//DTD XHTML 1.0 Transitional//EN"
    "http://www.w3.org/TR/xhtml1/DTD/xhtml1-transitional.dtd">
<html xmlns="http://www.w3.org/1999/xhtml" xml:lang="en" lang="en">
 <head>
  <title>
</title>
<meta http-equiv="Content-Type" content="text/html;charset=utf-8" />
  <meta name='ocr-system' content='tesseract 3.04.00' />
  <meta name='ocr-capabilities' content='ocr_page ocr_carea ocr_par ocr_line ocrx_word'/>
</head>
<body>
  <div class='ocr_page' id='page_1' title='image "./scriptorumeccle00unkngoog_0012.png"; bbox 0 0 2678 4830; ppageno 0'>
   <div class='ocr_carea' id='block_1_1' title="bbox 124 1621 1177 3647">
    <p class='ocr_par' dir='ltr' id='par_1_1' title="bbox 124 1621 1177 3647">
     <span class='ocr_line' id='line_1_1' title="bbox 128 1621 1174 1738; baseline 0 -2"><span class='ocrx_word' id='word_1_1' title='bbox 128 1621 362 1738; x_wconf 81' lang='lat' dir='ltr'>TESTES</span> <span class='ocrx_word' id='word_1_2' title='bbox 389 1654 512 1736; x_wconf 91' lang='lat' dir='ltr'>hosce</span> <span class='ocrx_word' id='word_1_3' title='bbox 538 1653 821 1736; x_wconf 73' lang='lat' dir='ltr'>ecclesiastica</span> <span class='ocrx_word' id='word_1_4' title='bbox 847 1655 1048 1736; x_wconf 86' lang='lat' dir='ltr'>doctrinae</span> <span class='ocrx_word' id='word_1_5' title='bbox 1083 1684 1106 1735; x_wconf 89' lang='lat' dir='ltr'>a</span> <span class='ocrx_word' id='word_1_6' title='bbox 1133 1670 1174 1737; x_wconf 93' lang='lat' dir='ltr'>te</span> 
     </span>
     <span class='ocr_line' id='line_1_2' title="bbox 128 1801 1176 1913; baseline -0.003 -29"><span class='ocrx_word' id='word_1_7' title='bbox 128 1815 236 1913; x_wconf 85' lang='lat' dir='ltr'>peto,</span> <span class='ocrx_word' id='word_1_8' title='bbox 260 1814 310 1882; x_wconf 94' lang='lat' dir='ltr'>ut</span> <span class='ocrx_word' id='word_1_9' title='bbox 337 1801 510 1909; x_wconf 91' lang='lat' dir='ltr'>accipias</span> <span class='ocrx_word' id='word_1_10' title='bbox 539 1801 728 1907; x_wconf 85' lang='lat' dir='ltr'>benigne,</span> <span class='ocrx_word' id='word_1_11' title='bbox 757 1801 865 1908; x_wconf 92' lang='lat' dir='ltr'>quia,</span> <span class='ocrx_word' id='word_1_12' title='bbox 894 1829 978 1908; x_wconf 93' lang='lat' dir='ltr'>quo</span> <span class='ocrx_word' id='word_1_13' title='bbox 1007 1801 1176 1910; x_wconf 91' lang='lat' dir='ltr'>propius</span> 
     </span>
     <span class='ocr_line' id='line_1_3' title="bbox 127 1943 1176 2054; baseline -0.004 -25"><span class='ocrx_word' id='word_1_14' title='bbox 127 1951 281 2029; x_wconf 90' lang='lat' dir='ltr'>absunt</span> <span class='ocrx_word' id='word_1_15' title='bbox 308 1975 332 2027; x_wconf 90' lang='lat' dir='ltr'>a</span> <span class='ocrx_word' id='word_1_16' title='bbox 360 1945 595 2054; x_wconf 90' lang='lat' dir='ltr'>primordiis</span> <span class='ocrx_word' id='word_1_17' title='bbox 624 1943 940 2043; x_wconf 88' lang='lat' dir='ltr'>Christianismi,</span> <span class='ocrx_word' id='word_1_18' title='bbox 969 1976 1018 2027; x_wconf 92' lang='lat' dir='ltr'>eo</span> <span class='ocrx_word' id='word_1_19' title='bbox 1046 1946 1176 2054; x_wconf 86' lang='lat' dir='ltr'>magis</span> 
     </span>
     <span class='ocr_line' id='line_1_4' title="bbox 127 2091 1176 2201; baseline -0.002 -26"><span class='ocrx_word' id='word_1_20' title='bbox 127 2106 273 2176; x_wconf 93' lang='lat' dir='ltr'>contra</span> <span class='ocrx_word' id='word_1_21' title='bbox 306 2091 544 2173; x_wconf 87' lang='lat' dir='ltr'>haereticam</span> <span class='ocrx_word' id='word_1_22' title='bbox 576 2091 822 2201; x_wconf 84' lang='lat' dir='ltr'>pravitatem</span> <span class='ocrx_word' id='word_1_23' title='bbox 845 2093 1093 2201; x_wconf 84' lang='lat' dir='ltr'>justissimas</span> <span class='ocrx_word' id='word_1_24' title='bbox 1123 2095 1176 2173; x_wconf 93' lang='lat' dir='ltr'>ob</span> 
     </span>
     <span class='ocr_line' id='line_1_5' title="bbox 127 2235 1177 2345; baseline -0.005 -23"><span class='ocrx_word' id='word_1_25' title='bbox 127 2265 269 2322; x_wconf 86' lang='lat' dir='ltr'>causas</span> <span class='ocrx_word' id='word_1_26' title='bbox 295 2235 445 2317; x_wconf 88' lang='lat' dir='ltr'>valent.</span> <span class='ocrx_word' id='word_1_27' title='bbox 496 2237 601 2325; x_wconf 83' lang='lat' dir='ltr'>Quae</span> <span class='ocrx_word' id='word_1_28' title='bbox 630 2264 694 2317; x_wconf 90' lang='lat' dir='ltr'>res</span> <span class='ocrx_word' id='word_1_29' title='bbox 723 2265 818 2316; x_wconf 92' lang='lat' dir='ltr'>cum</span> <span class='ocrx_word' id='word_1_30' title='bbox 848 2236 907 2317; x_wconf 90' lang='lat' dir='ltr'>ita</span> <span class='ocrx_word' id='word_1_31' title='bbox 934 2239 989 2317; x_wconf 91' lang='lat' dir='ltr'>sit</span> <span class='ocrx_word' id='word_1_32' title='bbox 1014 2265 1177 2345; x_wconf 91' lang='lat' dir='ltr'>compa-</span> 
     </span>
     <span class='ocr_line' id='line_1_6' title="bbox 125 2380 1176 2491; baseline -0.005 -26"><span class='ocrx_word' id='word_1_33' title='bbox 125 2397 228 2480; x_wconf 86' lang='lat' dir='ltr'>rata,</span> <span class='ocrx_word' id='word_1_34' title='bbox 247 2382 400 2463; x_wconf 91' lang='lat' dir='ltr'>idcirco</span> <span class='ocrx_word' id='word_1_35' title='bbox 420 2410 472 2463; x_wconf 86' lang='lat' dir='ltr'>ex</span> <span class='ocrx_word' id='word_1_36' title='bbox 497 2380 690 2491; x_wconf 88' lang='lat' dir='ltr'>operibus</span> <span class='ocrx_word' id='word_1_37' title='bbox 713 2382 983 2489; x_wconf 91' lang='lat' dir='ltr'>antiquorum</span> <span class='ocrx_word' id='word_1_38' title='bbox 1009 2393 1176 2491; x_wconf 92' lang='lat' dir='ltr'>patrum</span> 
     </span>
     <span class='ocr_line' id='line_1_7' title="bbox 125 2524 1175 2635; baseline -0.002 -26"><span class='ocrx_word' id='word_1_39' title='bbox 125 2526 291 2609; x_wconf 90' lang='lat' dir='ltr'>libellos</span> <span class='ocrx_word' id='word_1_40' title='bbox 319 2525 480 2634; x_wconf 92' lang='lat' dir='ltr'>aliquot</span> <span class='ocrx_word' id='word_1_41' title='bbox 507 2525 611 2605; x_wconf 94' lang='lat' dir='ltr'>mihi</span> <span class='ocrx_word' id='word_1_42' title='bbox 637 2525 771 2605; x_wconf 89' lang='lat' dir='ltr'>visum</span> <span class='ocrx_word' id='word_1_43' title='bbox 800 2537 863 2606; x_wconf 88' lang='lat' dir='ltr'>est</span> <span class='ocrx_word' id='word_1_44' title='bbox 892 2524 1073 2633; x_wconf 84' lang='lat' dir='ltr'>seligere,</span> <span class='ocrx_word' id='word_1_45' title='bbox 1102 2528 1175 2635; x_wconf 93' lang='lat' dir='ltr'>qui</span> 
     </span>
     <span class='ocr_line' id='line_1_8' title="bbox 125 2668 1176 2768; baseline 0 -17"><span class='ocrx_word' id='word_1_46' title='bbox 125 2671 347 2753; x_wconf 87' lang='lat' dir='ltr'>veritatem</span> <span class='ocrx_word' id='word_1_47' title='bbox 374 2668 619 2752; x_wconf 81' lang='lat' dir='ltr'>catholicam</span> <span class='ocrx_word' id='word_1_48' title='bbox 645 2668 880 2751; x_wconf 87' lang='lat' dir='ltr'>luculenter</span> <span class='ocrx_word' id='word_1_49' title='bbox 907 2682 950 2751; x_wconf 93' lang='lat' dir='ltr'>et</span> <span class='ocrx_word' id='word_1_50' title='bbox 975 2683 1176 2768; x_wconf 90' lang='lat' dir='ltr'>accurate,</span> 
     </span>
     <span class='ocr_line' id='line_1_9' title="bbox 125 2812 1174 2922; baseline 0 -26"><span class='ocrx_word' id='word_1_51' title='bbox 125 2828 221 2896; x_wconf 94' lang='lat' dir='ltr'>tum</span> <span class='ocrx_word' id='word_1_52' title='bbox 241 2843 337 2896; x_wconf 87' lang='lat' dir='ltr'>vero</span> <span class='ocrx_word' id='word_1_53' title='bbox 357 2815 458 2896; x_wconf 90' lang='lat' dir='ltr'>scite</span> <span class='ocrx_word' id='word_1_54' title='bbox 482 2827 524 2895; x_wconf 89' lang='lat' dir='ltr'>et</span> <span class='ocrx_word' id='word_1_55' title='bbox 551 2812 761 2922; x_wconf 85' lang='lat' dir='ltr'>eleganter</span> <span class='ocrx_word' id='word_1_56' title='bbox 781 2816 958 2896; x_wconf 85' lang='lat' dir='ltr'>tradant.</span> <span class='ocrx_word' id='word_1_57' title='bbox 1018 2815 1112 2897; x_wconf 90' lang='lat' dir='ltr'>Hoc</span> <span class='ocrx_word' id='word_1_58' title='bbox 1131 2816 1174 2896; x_wconf 95' lang='lat' dir='ltr'>in</span> 
     </span>
     <span class='ocr_line' id='line_1_10' title="bbox 124 2957 1176 3068; baseline 0.001 -29"><span class='ocrx_word' id='word_1_59' title='bbox 124 2987 279 3068; x_wconf 84' lang='lat' dir='ltr'>genere</span> <span class='ocrx_word' id='word_1_60' title='bbox 290 2957 371 3039; x_wconf 90' lang='lat' dir='ltr'>alia</span> <span class='ocrx_word' id='word_1_61' title='bbox 383 2970 584 3066; x_wconf 87' lang='lat' dir='ltr'>praeterea</span> <span class='ocrx_word' id='word_1_62' title='bbox 597 2957 794 3067; x_wconf 90' lang='lat' dir='ltr'>opuscula</span> <span class='ocrx_word' id='word_1_63' title='bbox 806 2958 964 3067; x_wconf 88' lang='lat' dir='ltr'>adjicio,</span> <span class='ocrx_word' id='word_1_64' title='bbox 977 2959 1176 3067; x_wconf 89' lang='lat' dir='ltr'>pietatem</span> 
     </span>
     <span class='ocr_line' id='line_1_11' title="bbox 126 3102 1175 3213; baseline 0.001 -28"><span class='ocrx_word' id='word_1_65' title='bbox 126 3116 256 3213; x_wconf 89' lang='lat' dir='ltr'>atque</span> <span class='ocrx_word' id='word_1_66' title='bbox 278 3104 476 3185; x_wconf 89' lang='lat' dir='ltr'>virtutem</span> <span class='ocrx_word' id='word_1_67' title='bbox 506 3132 590 3183; x_wconf 92' lang='lat' dir='ltr'>non</span> <span class='ocrx_word' id='word_1_68' title='bbox 616 3114 701 3183; x_wconf 90' lang='lat' dir='ltr'>tam</span> <span class='ocrx_word' id='word_1_69' title='bbox 727 3102 1029 3213; x_wconf 87' lang='lat' dir='ltr'>persuadentia,</span> <span class='ocrx_word' id='word_1_70' title='bbox 1049 3133 1175 3212; x_wconf 94' lang='lat' dir='ltr'>quam</span> 
     </span>
     <span class='ocr_line' id='line_1_12' title="bbox 127 3246 1172 3359; baseline -0.003 -29"><span class='ocrx_word' id='word_1_71' title='bbox 127 3250 386 3359; x_wconf 90' lang='lat' dir='ltr'>inspirantia,</span> <span class='ocrx_word' id='word_1_72' title='bbox 415 3248 570 3358; x_wconf 91' lang='lat' dir='ltr'>quippe</span> <span class='ocrx_word' id='word_1_73' title='bbox 599 3277 694 3329; x_wconf 91' lang='lat' dir='ltr'>cum</span> <span class='ocrx_word' id='word_1_74' title='bbox 723 3260 929 3357; x_wconf 90' lang='lat' dir='ltr'>praecepta</span> <span class='ocrx_word' id='word_1_75' title='bbox 957 3246 1172 3328; x_wconf 92' lang='lat' dir='ltr'>hominum</span> 
     </span>
     <span class='ocr_line' id='line_1_13' title="bbox 126 3391 1177 3502; baseline -0.001 -29"><span class='ocrx_word' id='word_1_76' title='bbox 126 3392 180 3473; x_wconf 92' lang='lat' dir='ltr'>iis</span> <span class='ocrx_word' id='word_1_77' title='bbox 218 3394 523 3490; x_wconf 90' lang='lat' dir='ltr'>contineantur,</span> <span class='ocrx_word' id='word_1_78' title='bbox 561 3391 675 3473; x_wconf 94' lang='lat' dir='ltr'>haud</span> <span class='ocrx_word' id='word_1_79' title='bbox 712 3421 862 3502; x_wconf 86' lang='lat' dir='ltr'>magna</span> <span class='ocrx_word' id='word_1_80' title='bbox 901 3392 1177 3502; x_wconf 85' lang='lat' dir='ltr'>loquentium,</span> 
     </span>
     <span class='ocr_line' id='line_1_14' title="bbox 127 3537 1177 3647; baseline 0.001 -28"><span class='ocrx_word' id='word_1_81' title='bbox 127 3539 213 3635; x_wconf 84' lang='lat' dir='ltr'>sed,</span> <span class='ocrx_word' id='word_1_82' title='bbox 233 3538 347 3647; x_wconf 92' lang='lat' dir='ltr'>quod</span> <span class='ocrx_word' id='word_1_83' title='bbox 366 3537 497 3635; x_wconf 90' lang='lat' dir='ltr'>aiunt,</span> <span class='ocrx_word' id='word_1_84' title='bbox 517 3537 768 3630; x_wconf 85' lang='lat' dir='ltr'>viventium3</span> <span class='ocrx_word' id='word_1_85' title='bbox 789 3566 968 3646; x_wconf 92' lang='lat' dir='ltr'>quorum</span> <span class='ocrx_word' id='word_1_86' title='bbox 987 3537 1177 3647; x_wconf 90' lang='lat' dir='ltr'>plerique</span> 
     </span>
    </p>
   </div>
   <div class='ocr_carea' id='block_1_2' title="bbox 126 3680 1176 3793">
    <p class='ocr_par' dir='ltr' id='par_1_2' title="bbox 126 3680 1176 3793">
     <span class='ocr_line' id='line_1_15' title="bbox 126 3680 1176 3793; baseline 0.001 -29"><span class='ocrx_word' id='word_1_87' title='bbox 126 3712 205 3793; x_wconf 93' lang='lat' dir='ltr'>pro</span> <span class='ocrx_word' id='word_1_88' title='bbox 235 3680 401 3763; x_wconf 90' lang='lat' dir='ltr'>Christo</span> <span class='ocrx_word' id='word_1_89' title='bbox 431 3681 559 3762; x_wconf 89' lang='lat' dir='ltr'>vitam</span> <span class='ocrx_word' id='word_1_90' title='bbox 587 3694 828 3791; x_wconf 90' lang='lat' dir='ltr'>posuerunt.</span> <span class='ocrx_word' id='word_1_91' title='bbox 892 3683 951 3762; x_wconf 91' lang='lat' dir='ltr'>Et</span> <span class='ocrx_word' id='word_1_92' title='bbox 979 3685 1176 3791; x_wconf 92' lang='lat' dir='ltr'>quoniam</span> 
     </span>
    </p>
   </div>
   <div class='ocr_carea' id='block_1_3' title="bbox 127 3825 1178 4079">
    <p class='ocr_par' dir='ltr' id='par_1_3' title="bbox 127 3825 1178 4079">
     <span class='ocr_line' id='line_1_16' title="bbox 127 3825 1178 3936; baseline -0.002 -27"><span class='ocrx_word' id='word_1_93' title='bbox 127 3827 218 3909; x_wconf 88' lang='lat' dir='ltr'>sine</span> <span class='ocrx_word' id='word_1_94' title='bbox 241 3826 435 3908; x_wconf 86' lang='lat' dir='ltr'>libertate</span> <span class='ocrx_word' id='word_1_95' title='bbox 461 3827 529 3907; x_wconf 85' lang='lat' dir='ltr'>vix</span> <span class='ocrx_word' id='word_1_96' title='bbox 553 3825 661 3907; x_wconf 91' lang='lat' dir='ltr'>salva</span> <span class='ocrx_word' id='word_1_97' title='bbox 687 3855 773 3908; x_wconf 92' lang='lat' dir='ltr'>esse</span> <span class='ocrx_word' id='word_1_98' title='bbox 797 3827 950 3936; x_wconf 87' lang='lat' dir='ltr'>poterit</span> <span class='ocrx_word' id='word_1_99' title='bbox 973 3839 1048 3907; x_wconf 88' lang='lat' dir='ltr'>aut</span> <span class='ocrx_word' id='word_1_100' title='bbox 1073 3828 1178 3908; x_wconf 87' lang='lat' dir='ltr'>veri-</span> 
     </span>
     <span class='ocr_line' id='line_1_17' title="bbox 128 3969 1177 4079; baseline 0.001 -29"><span class='ocrx_word' id='word_1_101' title='bbox 128 3983 203 4067; x_wconf 86' lang='lat' dir='ltr'>tas,</span> <span class='ocrx_word' id='word_1_102' title='bbox 223 3982 298 4050; x_wconf 94' lang='lat' dir='ltr'>aut</span> <span class='ocrx_word' id='word_1_103' title='bbox 318 3971 460 4068; x_wconf 90' lang='lat' dir='ltr'>virtus,</span> <span class='ocrx_word' id='word_1_104' title='bbox 490 3969 534 4050; x_wconf 93' lang='lat' dir='ltr'>id</span> <span class='ocrx_word' id='word_1_105' title='bbox 563 3999 730 4079; x_wconf 91' lang='lat' dir='ltr'>quoque</span> <span class='ocrx_word' id='word_1_106' title='bbox 751 3970 921 4078; x_wconf 71' lang='lat' dir='ltr'>egimus</span> <span class='ocrx_word' id='word_1_107' title='bbox 947 3983 996 4050; x_wconf 93' lang='lat' dir='ltr'>ut</span> <span class='ocrx_word' id='word_1_108' title='bbox 1021 4000 1072 4051; x_wconf 84' lang='lat' dir='ltr'>ex</span> <span class='ocrx_word' id='word_1_109' title='bbox 1099 3972 1177 4051; x_wconf 93' lang='lat' dir='ltr'>hoc</span> 
     </span>
    </p>
   </div>
   <div class='ocr_carea' id='block_1_4' title="bbox 128 4112 1176 4303">
    <p class='ocr_par' dir='ltr' id='par_1_4' title="bbox 128 4112 1176 4303">
     <span class='ocr_line' id='line_1_18' title="bbox 128 4112 1176 4224; baseline -0.002 -30"><span class='ocrx_word' id='word_1_110' title='bbox 128 4115 420 4223; x_wconf 85' lang='lat' dir='ltr'>praestantium</span> <span class='ocrx_word' id='word_1_111' title='bbox 449 4143 622 4224; x_wconf 90' lang='lat' dir='ltr'>operum</span> <span class='ocrx_word' id='word_1_112' title='bbox 651 4113 817 4194; x_wconf 87' lang='lat' dir='ltr'>delectu</span> <span class='ocrx_word' id='word_1_113' title='bbox 843 4112 1003 4222; x_wconf 90' lang='lat' dir='ltr'>liquido</span> <span class='ocrx_word' id='word_1_114' title='bbox 1027 4124 1176 4222; x_wconf 92' lang='lat' dir='ltr'>pateat,</span> 
     </span>
     <span class='ocr_line' id='line_1_19' title="bbox 650 4264 668 4303; baseline 0 0"><span class='ocrx_word' id='word_1_115' title='bbox 650 4264 668 4303; x_wconf 76' lang='lat' dir='ltr'>a</span> 
     </span>
    </p>
   </div>
   <div class='ocr_carea' id='block_1_5' title="bbox 0 0 1344 4830">
    <p class='ocr_par' dir='ltr' id='par_1_5' title="bbox 0 0 1344 4830">
     <span class='ocr_line' id='line_1_20' title="bbox 0 0 1344 4830; baseline 0 0"><span class='ocrx_word' id='word_1_116' title='bbox 0 0 1344 4830; x_wconf 95' lang='lat' dir='ltr'> </span> 
     </span>
    </p>
   </div>
  </div>
 </body>
</html>
