2678 4830
236 344 287 408 IN
305 343 1079 411 TERTULL DEPRAESCR1PT.HAER.
1128 342 1191 415 193

187 516 226 578 P.
247 518 319 600 136.
333 515 352 577 l.
368 533 417 598 29.
442 513 551 600 utique
565 513 806 578 conversationis
819 514 881 579 fuit
895 514 1018 594 vitium,
1035 538 1097 580 non
1112 539 1191 604 prae-

143 599 319 685 dicationis]
333 601 523 665 Cont'eratur
537 600 624 664 locus
638 598 690 664 ille
704 623 775 664 curn
790 599 888 666 altero
903 602 1042 689 ejusdem
1060 604 1190 667 Tertul-

143 685 217 749 liani
234 688 335 773 capite
356 686 447 751 tertio
465 686 537 750 libri
556 687 706 750 adversus
726 686 922 751 Marcionem
939 687 1055 774 quarti,
1072 689 1127 753 ubi
1142 691 1189 752 vi-

143 771 222 836 tium
238 772 317 835 illud
331 772 571 837 conversationis
587 786 650 837 nou
665 772 895 858 praedicationis
907 774 1076 839 dilucidius
1091 799 1189 862 expo-

143 857 198 921 nit.
243 860 295 923 De
313 859 414 922 Paulo
430 862 560 923 Petrum
581 860 789 957 redarguente
805 859 903 924 videri
918 876 1049 948 possunt
1065 864 1095 925 S.
1110 863 1189 927 Hie-

142 945 266 1032 ronymi
281 945 425 1031 Epistola
439 946 480 1009 ad
497 947 530 1009 S.
542 948 772 1032 Augustinum‚
786 969 858 1031 quae
867 948 953 1034 apud
967 947 1191 1012 Martianaeum

144 1031 310 1095 Parisiensi
330 1031 362 1094 in
383 1031 519 1095 editione
534 1054 664 1118 opernm
680 1031 821 1118 ejusdem
837 1032 1026 1120 Hieronymi
1041 1047 1127 1097 tomo
1142 1056 1189 1098 se-

143 1118 260 1197 cundo,
277 1132 350 1182 sunt
368 1116 401 1180 in
419 1117 530 1182 ordine
544 1139 653 1182 txxu.
669 1139 770 1182 cxxv.
786 1133 818 1182 et
837 1140 943 1183 cxxx.
964 1134 997 1184 et
1017 1121 1191 1207 Augustini

143 1204 184 1267 ad
200 1204 333 1267 Hieron.
348 1227 421 1290 quae
435 1203 467 1266 in
481 1204 536 1268 illo
552 1203 707 1268 volumine
722 1218 769 1268 est
784 1225 920 1269 Lxxxrr.
945 1206 984 1268 In
1000 1205 1084 1270 hisce
1099 1229 1193 1294 porro

142 1289 281 1377 epistolis
303 1303 368 1353 tota
387 1290 574 1354 describitur
595 1289 633 1353 lis
651 1306 682 1354 et
701 1291 910 1354 controversia
927 1291 967 1354 d'e
986 1293 1019 1356 S.
1035 1292 1122 1356 Petri
1141 1315 1189 1357 re-

142 1375 347 1462 prehensione
368 1376 561 1440 doctissimos
582 1375 752 1440 interillos
773 1391 878 1463 patres
899 1391 1008 1442 exorta
1030 1378 1112 1443 circa
1134 1401 1189 1442 an-

142 1484 219 1525 num
236 1461 353 1526 Christi
372 1483 504 1527 occcrv.
541 1463 663 1526 Videsis
681 1475 713 1525 et
735 1463 908 1527 Barouium
929 1463 971 1528 ad
990 1486 1107 1528 anuum
1122 1465 1192 1528 vul·

141 1548 225 1635 garis
242 1572 313 1612 aerae
329 1570 375 1611 11.
392 1571 450 1634 pro
470 1549 593 1613 Hieron
617 1572 669 1611 mo
686 1563 795 1612 contra
813 1550 1033 1648 Augustinum
1053 1549 1189 1614 scriben-

142 1650 224 1709 teur;
247 1650 278 1698 et
294 1635 438 1698 Natalem
455 1573 687 1711 Alexandrum,
703 1635 758 1720 qui
773 1636 947 1699 Baronrum
961 1636 1044 1700 eain
1059 1659 1093 1701 re
1106 1637 1191 1700 refu-

142 1721 220 1784 tavit
235 1721 354 1785 Disser.
366 1722 413 1784 X.
426 1722 467 1785 ad
482 1721 621 1786 seculum
637 1720 786 1784 Ecclesiae
800 1721 950 1808 primum.
974 1724 1189 1786 Tuouasrus.

186 1810 225 1870 P.
244 1823 316 1894 137.
339 1807 361 1872 l.
375 1829 407 1888 4.
436 1807 609 1872 doctrinam
625 1807 829 1894 superiorem]
849 1811 951 1887 Quam
966 1809 1192 1896 praedicaverat

142 1895 268 1970 Petrus,
286 1907 320 1956 ut
334 1908 455 1958 constat
469 1918 508 1958 ex
518 1895 583 1982 jam
600 1916 696 1979 supra
710 1893 810 1957 dictis.

186 1979 271 2043 Ibid.
288 1978 310 2042 l.
324 2001 355 2064 9.
378 1979 409 2042 in
430 2003 503 2066 quae
523 1993 554 2044 et
575 1979 925 2066 ipsi-committebant]
952 1979 1100 2045 Similiter
1117 1981 1191 2045 scri·

141 2065 188 2129 bit
213 2065 383 2152 Septimius
407 2089 477 2153 cap.
496 2087 526 2147 4.
550 2067 758 2153 Apobget'wi
783 2069 826 2128 In
850 2087 959 2130 uerum
984 2069 1190 2132 committitur

141 2154 259 2215 crimen
284 2153 540 2240 irreligiositatis
565 2174 682 2216 errore.
731 2151 815 2215 Dein
842 2174 909 2239 cap.
930 2171 982 2236 29.
1009 2154 1086 2220 Ideo
1111 2174 1189 2240 ergo

141 2241 361 2302 committimus
375 2241 411 2300 in
425 2240 618 2323 mrtjestotern
632 2241 868 2323 imperatorum.

186 2323 271 2388 Ibid.
295 2323 314 2386 l.
333 2343 384 2390 2ο.
408 2324 512 2388 nescio
549 2324 604 2386 uid
623 2322 716 2406 illud]
733 2323 876 2410 Respicit
889 2323 1020 2386 fortasse
1035 2324 1073 2400 Q.
1089 2323 1190 2410 Septi-

141 2410 224 2473 mius
249 2409 289 2472 ad
315 2408 408 2473 Pauli
430 2347 656 2508 Apocirlypsim
681 2409 896 2472 baereticorum
924 2408 1122 2495 figmentum,
1149 2410 1190 2473 de

142 2519 207 2578 quo
239 2497 321 2559 inter
344 2510 461 2559 ceteros
487 2495 585 2558 videri
610 2494 725 2582 poterit
749 2494 951 2579 Augustinus
976 2507 1110 2559 tractatu
1134 2497 1186 2580 98.

141 2580 172 2643 in
188 2584 356 2645 Joannem.
381 2582 560 2645 Tuouxsu
577 2583 735 2644 Instituit.
755 2581 861 2645 Tit-eoi.
878 2580 940 2644 vol.
955 2582 983 2642 I.
999 2603 1032 2667 p.
1043 2583 1093 2647 26.

185 2667 269 2730 Ibid.
285 2666 306 2730 l.
322 2683 372 2751 25.
395 2680 431 2730 ut
445 2666 595 2751 diximus]
615 2665 728 2752 Capite
744 2684 795 2732 22.

185 2752 271 2817 Ibid.
294 2752 315 2816 l.
333 2771 385 2837 32.
417 2752 502 2831 Quid
527 2753 587 2816 hoc
610 2752 787 2840 depositum
810 2766 856 2816 est
883 2765 948 2815 tam
969 2751 1128 2832 idoneum,
1151 2767 1189 2818 ut

142 2839 211 2922 bc]
231 2838 281 2903 Sic
295 2839 346 2903 ed.
362 2838 515 2926 princeps.
554 2841 712 2903 Praestaut
730 2848 795 2902 tam
814 2840 943 2903 tacitum
961 2861 1020 2926 pro
1040 2848 1104 2902 tam
1122 2841 1188 2903 ido-

139 2947 245 3003 neum,
261 2924 332 2988 edd.
350 2925 450 2990 Paris.
465 2940 496 2990 et
511 2925 647 2990 Franek.
694 2925 806 2989 Posuit
821 2925 950 2989 taciturn
965 2924 1030 2989 sine
1045 2934 1109 2988 tarn
1126 2924 1187 2989 Ri-

139 3011 265 3097 galtius.
305 3011 390 3075 Mihi
412 3011 581 3110 legendum
608 3011 742 3090 videtur,
768 3012 854 3086 Quid
874 3011 929 3076 boc
950 3012 1123 3100 depositum
1143 3022 1189 3078 est

139 3099 295 3175 idoneam,
311 3107 347 3162 ut
362 3101 418 3163 irc.
433 3120 498 3161 sine
512 3108 586 3163 tum.

184 3185 224 3245 P.
242 3184 313 3267 138.
336 3183 356 3246 l.
376 3203 426 3265 14.
448 3206 506 3248 uec
531 3183 606 3270 quia
630 3182 720 3246 illum
745 3184 863 3266 monet]
889 3181 941 3246 Sic
961 3182 1011 3246 ed.
1031 3182 1186 3270 princeps

140 3268 195 3332 Ait
212 3269 381 3346 PameliuS‚
401 3271 526 3356 “Lego
545 3279 658 3350 monet,
675 3292 788 3355 nempe
811 3267 942 3345 Paulus,
964 3290 1024 3354 pro
1045 3269 1187 3354 eoquod

141 3364 162 3394 “
177 3355 274 3442 vulgo
289 3355 452 3442 legebatur
466 3358 575 3421 uolunt
586 3355 649 3437 (sic
663 3355 715 3418 ed.
732 3355 832 3418 Paris.
851 3356 959 3438 1566.)
974 3368 1038 3417 tarn
1052 3377 1092 3418 ex
1111 3357 1187 3421 MS.

140 3449 162 3480 “
177 3441 245 3505 cod.
271 3441 433 3520 Vaticano,
463 3465 558 3528 quam
589 3440 743 3521 Quintino
772 3439 842 3526 (qui
873 3439 957 3502 hunc
988 3439 1104 3504 librum
1134 3443 1187 3506 De

140 3535 162 3566 “
179 3529 311 3592 Praescr.
332 3527 432 3592 edidit
454 3529 554 3592 Paris.
581 3530 691 3612 1561.)
709 3539 741 3590 et
764 3528 912 3590 Macereo
934 3525 1072 3608 (Gallico
1091 3527 1187 3625 hujus

140 3622 162 3652 “
177 3613 249 3677 libri
263 3613 432 3701 interprete
447 3615 516 3679 eod.
533 3637 585 3678 an.
600 3629 632 3678 et
645 3612 761 3698 loco).''
784 3614 865 3676 Haec
885 3611 1052 3677 Pamelius
1099 3615 1186 3678 Hinc

139 3699 186 3776 fit,
204 3714 238 3763 ut
253 3714 339 3765 extet
353 3701 484 3764 verbum
504 3711 605 3764 monet
619 3699 651 3763 in
667 3696 742 3763 edit.
759 3697 895 3762 Franek.
911 3721 983 3784 quae
997 3721 1036 3761 ex
1050 3699 1186 3763 editione

140 3785 270 3848 Pamelii
288 3788 420 3873 repetita
438 3801 496 3850 est.
534 3786 586 3849 Ibi
606 3800 709 3849 tamen
730 3786 840 3849 volunt
858 3785 986 3870 praefert
1003 3787 1026 3848 J
1030 3785 1133 3862 unius,
1149 3799 1187 3849 ut

139 3893 177 3933 ex
193 3871 319 3957 optimis
333 3896 461 3959 quoque
476 3895 563 3936 exem
589 3871 706 3935 laribus
720 3871 909 3957 profectum.
953 3870 1071 3934 Melius
1092 3871 1188 3935 habet

139 3958 239 4020 voluit
254 3958 421 4044 Rigaltius.
461 3959 523 4044 Sed
538 3895 612 4022 edit.
628 3956 776 4044 principis
788 3955 952 4020 ¹lectionem
968 3957 1121 4022 revocavi.
1207 3985 1215 4002 ·

183 4042 269 4190 11116.
285 4043 307 4108 l.
322 4065 372 4129 19.
393 4045 481 4131 apud
501 4043 734 4128 conscientiam]
752 4044 836 4107 H.e.
853 4066 927 4128 quae
946 4043 1034 4129 apud
1054 4066 1086 4105 se
1106 4042 1187 4106 solos

139 4141 210 4190 tene
232 4141 297 4192 ant.

184 4213 269 4276 Ibid.
285 4213 307 4277 l.
322 4217 374 4279 26.
399 4215 484 4280 taciti
504 4215 700 4300 sacramenti]
728 4214 780 4278 Sic
799 4213 886 4278 editt.
907 4228 979 4277 ante
998 4213 1185 4300 Rigaltium,

139 4299 194 4384 qui
211 4301 281 4364 tecti
296 4300 470 4366 substituit.
516 4305 600 4367 Cum
617 4324 693 4365 vero
712 4299 797 4364 istud
813 4301 881 4386 jam
903 4322 999 4387 supra
1017 4298 1188 4388 scripsisset

655 4409 676 4451 o
