2678 4830
87 300 152 364 280
469 299 501 363 S.
517 299 752 365 CYPRIANI

87 470 238 571 epistola
264 496 327 544 sua
353 470 486 544 elamat
506 482 543 542 et
567 469 738 567 loquitur,
756 482 793 543 ct
817 495 864 542 ne
889 468 1046 543 carnalia
1071 467 1136 543 de-

4 620 8 641 ·
34 597 60 646 ii
88 586 216 661 sideria
234 600 410 660 sectantes
428 586 605 660 mundum
628 585 822 684 diligamus
847 585 1029 658 hortatur:
1056 585 1137 659 No-

89 703 164 790 lite,
178 703 307 802 inquit,
325 701 480 802 diligere
495 701 679 789 mundum,
692 726 809 799 neque
822 726 865 773 ea
882 725 958 798 qun>
974 701 1014 774 io
1029 728 1136 775 mnn-

88 819 133 894 do
148 829 245 894 sunt.
289 817 332 891 Si
349 819 429 917 quis
447 816 618 891 dilexerit
634 816 820 906 mundum,
836 841 908 890 non
926 827 979 890 est
997 818 1136 892 caritas

87 935 220 1010 Patris
236 935 276 1007 in
292 933 380 1007 illos
398 934 485 1032 quio
500 959 604 1007 omne
621 932 720 1033 quod
731 934 771 1006 in
789 933 921 1006 mundo
935 943 989 1006 est
1007 959 1163 1022 mucio-5

81 1052 265 1151 piscentia
290 1051 412 1124 cernis
436 1060 500 1136 est,
518 1060 554 1124 et
578 1050 868 1147 concupiscentia
887 1049 1075 1124 oculorum
1098 1062 1135 1124 et

87 1168 235 1242 ambitio
254 1166 388 1256 soeculi,
405 1193 483 1265 que
503 1177 688 1241 nonesto
707 1165 837 1254 Putre,
854 1165 921 1238 sed
939 1191 983 1239 ec
1005 1192 1135 1241 sonmo
1251 1200 1252 1205 ¹

79 1286 262 1383 piscentio
284 1284 427 1369 muodi;
457 1283 670 1357 otmundus
693 1283 866 1356 transibit
891 1292 927 1356 et
950 1285 1134 1380 concupis-

86 1400 206 1475 centia
224 1399 313 1501 ejus.
344 1399 421 1478 Qui
437 1394 708 1499 ontemfecerit
724 1396 950 1472 uoluntatem
963 1397 1041 1472 Dei
1056 1423 1135 1471 ma-

85 1527 148 1591 net
172 1518 212 1591 in
235 1511 420 1604 etonem,
437 1515 610 1616 quomodo
631 1523 667 1587 et
690 1513 799 1588 Deus
822 1525 944 1588 monet
966 1515 1006 1588 in
1027 1525 1183 1590 teter-10

85 1660 184 1707 num.
243 1634 378 1718 Potius,
408 1632 533 1705 fratres
564 1630 799 1720 dilectissimi,
829 1642 952 1704 mente
981 1631 1133 1729 integra,

85 1750 157 1823 fide
175 1752 290 1839 firma,
307 1749 439 1822 virtute
456 1750 613 1837 robusta,
630 1745 744 1848 parati
769 1745 814 1820 ad
838 1773 985 1820 omnem
1002 1748 1133 1821 volun-

85 1877 195 1938 tatem
213 1863 286 1936 Dei
305 1863 439 1946 simus;
458 1888 589 1962 pavore
607 1862 732 1936 mortis
746 1861 904 1946 excluse,
918 1862 1133 1936 immortali-

84 1992 196 2054 tatem
223 2006 306 2078 quae
330 1979 492 2075 sequitur
515 1978 727 2076 cogitemus.
779 1978 865 2052 Hoc
882 2002 947 2051 nos
964 1977 1133 2052 ostenda·

84 2123 166 2172 mus
193 2124 268 2170 esse
295 2095 392 2194 quod
418 2094 609 2185 credimus,
632 2106 673 2166 ut
697 2120 816 2192 neque
841 2121 1006 2168 carorum
1031 2096 1132 2194 iuge·
1144 2123 1177 2183 15

84 2241 188 2291 amus
212 2238 414 2300 excessum,
433 2225 470 2286 et
495 2190 581 2286 cum
606 2210 847 2285 accersitionis
873 2212 1028 2312 propriae
1053 2211 1130 2285 dies

82 2330 231 2419 venerit,
253 2329 505 2402 incunctanter
520 2340 558 2400 et
580 2327 733 2400 libenter
755 2324 801 2400 ad
822 2326 1027 2401 Dominum
1050 2327 1130 2427 ipso

81 2459 232 2520 vocante
248 2446 447 2518 veniamus.

130 2561 281 2635 XVIII.
316 2560 425 2643 Quod
443 2586 528 2633 cum
547 2585 689 2658 semper
705 2557 911 2633 faciendum
928 2558 1036 2633 fuerit
1056 2560 1135 2646 Dei,

82 2676 202 2767 servis,
220 2702 317 2749 nunc
334 2675 412 2748 ficri
435 2674 551 2748 multo
576 2673 691 2772 magis
708 2673 828 2764 debet,
845 2687 1033 2749 corruente
1048 2675 1126 2771 jam
1140 2707 1178 2749 20

82 2791 220 2866 mundo
253 2804 290 2864 et
324 2791 501 2864 malorum
541 2789 791 2864 infestantium
826 2791 1031 2865 turbinibus
1064 2793 1130 2864 ob·

81 2934 199 2993 sess0;
226 2919 267 2979 ut
289 2905 353 3003 qui
376 2905 556 2980 cernimus
579 2905 734 3004 coepisse
753 2905 833 3003 jam
856 2906 989 3006 gravia,
1007 2919 1044 2981 et
1060 2907 1129 2981 sci·

82 3049 164 3098 mus
186 3024 376 3098 imminere
399 3025 574 3125 graviora,
593 3026 735 3099 lucrum
758 3026 959 3101 maximum
978 3052 1129 3127 compu-

80 3154 211 3236 temus,
228 3141 257 3216 si
279 3142 388 3216 istinc
409 3142 568 3217 velocius
589 3142 809 3217 recedamus.
860 3142 898 3215 Si
924 3143 962 3215 in
985 3143 1129 3217 habita-

79 3260 163 3334 culo
187 3272 251 3335 tuo
275 3259 427 3362 parietes
453 3273 632 3335 vetustate
653 3271 831 3349 nutarent,
854 3270 950 3332 tecta
974 3258 1129 3360 desuper
1138 3287 1174 3349 25

80 3387 285 3469 tremerent,
309 3377 438 3451 domus
457 3377 534 3473 jam
559 3377 720 3477 fatigata,
738 3376 817 3474 jam
840 3376 944 3465 lasse,
965 3375 1127 3450 aedificiis

80 3506 265 3566 senectute
288 3494 504 3583 labentibus,
527 3494 667 3568 ruinam
691 3493 896 3592 proximam
919 3494 1128 3586 minaretur,

81 3632 202 3681 nonne
228 3608 328 3681 omni
358 3609 540 3682 celeritate
569 3609 763 3710 migrares?
804 3610 845 3684 Si
873 3611 1066 3710 navigante
1090 3623 1127 3684 te

80 3721 225 3797 turbida
241 3734 277 3797 et
299 3714 498 3822 procellosa
520 3738 717 3825 tempestas
741 3726 909 3800 fluctibus
932 3725 1127 3801 violentius

79 3838 244 3925 excitatis
265 3839 525 3938 praenuntiaret
543 3841 664 3915 futura
687 3842 884 3942 naufragia,
902 3870 1024 3917 nonne
1043 3870 1127 3944 por·
1136 3874 1176 3932 30

77 3971 158 4032 tum
174 3956 347 4032 velociter
361 3958 526 4057 peteres?
561 3958 725 4033 Mundus
749 3986 833 4035 ecce
857 3973 962 4033 nutat
979 3972 1016 4033 et
1036 3959 1127 4034 labi·
1185 3956 1191 3965 ’

77 4089 148 4165 tur,
174 4075 377 4150 struinam
407 4074 463 4148 sui
492 4102 566 4149 non
590 4076 670 4173 jam
701 4089 885 4151 senectute
912 4103 1031 4152 rerum
1062 4077 1126 4153 sed
