2768 4844
29 322 66 423 ’,
173 340 237 406 us
303 340 1101 408 annonantur.ouunsurrnusus.

173 514 380 595 blasphemare
399 536 458 576 noa
476 515 602 577 destitit.
647 515 746 578 Extat
766 514 834 577 haec
853 513 945 576 lectio
964 512 996 575 in
1016 513 1222 611 subsequenti

173 599 249 663 edit.
271 600 371 663 Paris.
417 598 541 663 Deinde
564 599 723 663 Pamelius
744 622 783 663 ex
805 599 911 663 codice
932 597 1031 663 edidit
1054 601 1220 675 Vatican03

175 684 288 750 Cluati
306 708 363 767 pro
382 686 499 749 nomiae
516 687 741 769 comprehensae
757 685 890 770 negavit.
937 688 1010 749 Hoc
1027 699 1153 750 secutus
1172 700 1222 750 est

174 769 338 858 Rigaltius.
376 771 526 836 Volneret
539 794 667 858 quoque
681 771 828 836 Latinius
841 769 955 858 legere,
972 771 1085 836 L'lrritti
1095 794 1153 854 pro
1166 793 1222 836 rto-

172 859 261 936 mae,
286 879 349 921 non
371 858 525 922 Christum
547 879 603 940 pro
626 859 753 921 nomiae.
811 857 874 921 Sed
898 857 1022 921 dehac
1046 858 1221 945 quaestione

172 942 261 1008 aliter
282 943 392 1022 sentio,
407 959 439 1008 et
457 943 526 1030 ipsa
544 966 672 1030 quoque
690 942 829 1007 lectionis
843 966 916 1028 quae
930 957 1017 1007 extat
1031 944 1163 1008 varietas
1178 967 1221 1008 ex

171 1029 371 1117 corruptione
396 1029 560 1094 locutionis
581 1052 692 1117 purum
716 1028 880 1093 intellectae
901 1044 970 1093 orte
993 1052 1059 1093 esse
1082 1031 1220 1094 videtur.

172 1115 300 1181 Phrcsis
320 1115 417 1202 hujus
435 1114 579 1203 exempla
593 1129 703 1180 extant
715 1116 748 1178 in
764 1115 953 1179 Tertulliani
967 1115 1048 1180 libro
1059 1118 1111 1180 De
1125 1117 1219 1180 Pati-

171 1202 265 1281 entia,
279 1224 393 1266 nomen
414 1224 481 1265 cam
494 1200 622 1284 familia
638 1202 732 1284 ipsias
749 1211 966 1286 persequenter,
981 1225 1049 1289 cap.
1063 1221 1092 1267 2.
1109 1217 1141 1266 et
1160 1202 1218 1269 lib.

173 1289 286 1353 Contra
303 1289 462 1352 Grtottieoe
476 1311 544 1375 cap.
563 1309 612 1351 11.
645 1289 803 1352 Caeterum
819 1287 914 1351 refert
929 1287 1098 1376 Rigaltius,
1114 1311 1220 1353 emen-

170 1372 281 1438 datum
296 1397 362 1440 esse
375 1374 461 1440 hunc
477 1374 592 1440 librum
608 1374 647 1437 de
661 1374 790 1438 Praescr.
808 1373 926 1437 Haeret.
941 1373 1016 1438 locis
1030 1373 1171 1461 quinque
1186 1389 1220 1440 et

170 1460 341 1547 nonaginta
361 1484 400 1524 ex
420 1459 579 1526 codicibus
598 1461 626 1523 Α
649 1458 759 1524 obardi
776 1473 808 1523 et
828 1459 948 1524 Ursini.
993 1463 1066 1546 Ego
1080 1484 1100 1524 a
1112 1484 1220 1526 recen-

170 1545 255 1610 sione
269 1545 451 1634 Rigaltiana
465 1546 600 1633 octogies
636 1545 747 1610 rscessi.

214 1633 251 1696 P.
267 1635 338 1698 168.
354 1631 377 1696 l.
390 1653 420 1718 9.
444 1632 532 1697 nullo
546 1632 607 1696 alio
621 1655 686 1720 prae
700 1631 819 1709 caeteris
836 1631 895 1694 nisi
913 1629 978 1695 sola
994 1631 1127 1716 justitia·
1140 1655 1217 1698 auc-

170 1717 310 1807 toritate]
337 1719 387 1784 Sic
411 1717 485 1782 edd.
509 1717 722 1783 Rhenanianae
743 1731 776 1782 et
801 1717 900 1783 Paris.
926 1717 1012 1781 nulla
1036 1718 1099 1782 alia
1124 1717 1216 1784 editt.

170 1803 306 1868 Franek.
323 1819 355 1869 et
371 1803 557 1891 Rigaltiana.
591 1803 797 1869 Scribendum
812 1803 948 1880 videtur,
964 1804 1044 1867 uallo
1058 1804 1120 1868 alio
1133 1826 1216 1891 prae-

169 1888 330 1956 cellentem
347 1890 473 1968 caterio,
487 1891 546 1953 aiei
559 1891 767 1973 solajustitia
782 1890 956 1953 autoritate.

213 1975 299 2040 Ibid.
314 1974 337 2040 l.
351 1979 402 2043 26.
426 1975 619 2066 Victorinus]
634 1979 686 2041 De
699 1976 759 2040 hoc
773 1975 933 2040 Victorino
947 1974 1024 2039 nihil
1039 1975 1124 2061 apud
1139 1975 1220 2042 alios

169 2060 342 2149 scriptores.
378 2065 591 2127 Auuorfflo
606 2063 646 2128 ad
662 2062 738 2128 edit.
752 2062 850 2148 hujus
863 2061 959 2127 libelli
974 2062 1156 2126 Romanam.
