2678 4830
163 340 412 432 ANNOTAT.
431 339 483 402 IN
500 338 533 402 S.
546 336 683 401 CYPR.
701 335 765 399 DE
783 337 886 400 ZEL.
904 339 969 401 ET
986 338 1078 405 LIV.
1106 343 1168 406 etl

121 511 286 598 Baluzius)
303 513 336 575 in
355 523 451 597 caput
468 509 615 597 quintum
636 506 789 657 Edpistolae
806 508 847 572 ad
863 508 1013 573 Galatas:
1031 512 1171 598 Scripsit

119 609 150 663 et
173 599 281 663 heutua
306 599 491 684 Cyprianus
515 595 632 659 librum
717 594 792 658 Zeto
814 610 844 658 et
867 596 984 659 Liuore
1004 598 1169 682 optimum,

120 707 210 771 quem
224 687 280 771 qui
294 685 418 770 legerit,
430 705 494 745 non
505 681 700 744 dubitaverit
713 701 927 744 annumerare
939 683 1087 768 (peribus
1102 704 1171 747 car-

120 793 173 834 me
194 771 362 833 inuidiam.
399 767 478 832 Vide
501 766 711 829 Hincmarum
733 765 766 828 in
786 764 867 830 libro
880 780 932 851 55.
949 767 1170 854 Capitulorum

119 880 147 921 c.
157 872 210 939 47.
224 878 296 942 pag.
310 857 384 939 566.
418 855 607 918 Batonius

164 942 205 1004 P.
217 955 294 1025 305.
308 940 330 1006 l.
346 961 374 1003 1.
398 938 519 1004 Circuit
533 938 586 1002 ille
602 937 674 1020 irc]
693 936 780 1001 Hinc
796 937 941 1001 firmatur
958 938 1077 1025 optima
1095 963 1171 1004 cou-

114 1027 241 1114 jectura
255 1026 294 1091 cl.
311 1025 475 1090 Oberthur
488 1026 551 1088 fine
565 1023 619 1087 lib.
637 1023 827 1087 Tertulliani
842 1025 880 1087 de
896 1027 1059 1106 Oratione,
1075 1049 1172 1113 supra

120 1135 154 1199 p.
170 1130 243 1195 117.
282 1111 418 1199 Respice
432 1112 474 1175 ad
487 1111 544 1174 loc.
561 1132 657 1195 supra
671 1132 702 1194 p.
717 1112 791 1193 267.
806 1110 890 1173 l.16.

166 1197 250 1263 Ibid.
271 1197 293 1261 l.
312 1219 360 1282 19.
391 1197 441 1260 vel
462 1196 589 1260 fallaces
606 1194 735 1258 insidias
756 1195 806 1259 vel
830 1210 953 1281 apertas
976 1196 1087 1282 minas]
1120 1199 1172 1261 Vel

120 1298 193 1348 ante
201 1285 342 1369 fltliaces
362 1283 516 1360 revocavi,
532 1280 620 1368 quod
635 1280 785 1345 omissum
800 1298 846 1345 est
864 1305 883 1345 a
901 1281 1044 1363 Baluzi0,
1060 1285 1172 1347 suffra-

120 1370 270 1456 gantibus
290 1369 366 1433 mibi
383 1369 489 1433 codice
508 1367 594 1432 Novi
613 1366 693 1431 Coll.
713 1385 742 1432 2.
764 1381 796 1431 et
819 1370 917 1431 MSto
935 1380 1071 1455 utroque
1090 1393 1171 1449 meo,

121 1455 238 1543 pariter
252 1469 348 1543 atque
360 1455 448 1520 editt.
464 1467 537 1518 ante
552 1452 768 1518 Baluzianam.

165 1538 291 1627 P.'306.
313 1542 334 1604 l.
351 1562 401 1607 2ο.
424 1541 502 1604 dum
525 1539 685 1604 diabolum
708 1539 765 1624 qui
784 1539 865 1603 zelat
886 1539 1039 1624 imitatur]
1068 1541 1173 1605 Zabu-

123 1628 190 1691 lum
208 1650 272 1691 non
291 1627 451 1691 diabolum
471 1639 601 1713 praestat
620 1625 764 1689 codicum
782 1648 924 1689 meorum
939 1626 1101 1704 vetustior,
1117 1626 1174 1713 qui

121 1713 340 1777 membraneus
359 1727 416 1790 est,
432 1725 464 1777 et
483 1712 516 1776 in
537 1712 626 1777 editt.
642 1710 763 1797 aliquot
781 1711 934 1799 Cypriani
953 1712 998 1776 ita
1019 1736 1082 1776 vox
1102 1712 1173 1777 scri-

121 1798 216 1863 bitur.
256 1808 279 1839 “
291 1799 431 1863 Zabolus
452 1799 479 1862 is
499 1813 546 1863 cst
566 1797 721 1875 diabolus,
742 1821 801 1883 pro
820 1802 868 1862 διὰ
889 1796 973 1861 enim
991 1798 1115 1862 AEtoles
1139 1808 1173 1874 ζα

123 1892 146 1925 “
161 1885 300 1949 dixere.'’
329 1885 462 1949 Gesueri
476 1887 582 1972 Ising.
598 1886 677 1948 Lat.
697 1884 792 1948 Thes.
807 1884 838 1947 in
855 1907 941 1948 voce.

165 1973 204 2035 P.
217 1990 292 2056 307.
312 1970 334 2034 l.
349 1991 377 2039 2.
401 1971 434 2033 in
449 1970 556 2034 odium
578 1970 802 2057 persecutionis
821 1970 942 2034 facibus
962 1968 1069 2033 livoris
1083 1993 1172 2033 exur-

122 2058 176 2155 sit]
196 2058 312 2121 Odium
321 2059 563 2143 persecutionis,
579 2079 652 2142 quae
666 2072 713 2119 est
727 2055 879 2118 librorum
894 2070 926 2119 et
941 2055 1127 2140 scriptorum
1143 2068 1174 2119 et

122 2143 279 2207 editorum
294 2143 396 2220 lectio,
409 2141 518 2204 odium
534 2141 695 2226 significat,
709 2164 748 2203 ex
763 2163 828 2225 quo
843 2155 911 2203 orta
925 2141 1101 2226 persecutio
1116 2155 1173 2205 est.

168 2229 253 2293 Ibid.
276 2229 296 2290 l.
316 2230 364 2291 16.
391 2225 496 2310 simul]
516 2228 558 2289 In
578 2249 643 2288 uno
662 2224 741 2289 libro
756 2248 827 2289 meo
841 2240 945 2290 vetere
960 2226 1112 2311 scriptum
1129 2241 1176 2291 est

122 2316 217 2379 semel
230 2328 262 2378 et
284 2336 379 2399 supra
400 2311 514 2375 lineam
530 2313 579 2375 uel
598 2313 704 2376 simui.
748 2311 835 2375 Hinc
853 2335 939 2399 ergo,
961 2311 1008 2375 uti
1026 2313 1175 2399 jamnon

41 2452 44 2457 .
124 2399 219 2463 semel
238 2399 388 2477 diximus,
407 2410 477 2461 orta
500 2410 546 2462 est
563 2396 771 2484 discrepantia
790 2421 862 2484 quae
881 2399 950 2462 istic
968 2398 1124 2485 reperitur
1142 2397 1176 2462 in

123 2485 285 2550 codicibus
306 2482 535 2569 manuscriptis,
550 2506 686 2569 quorum
706 2483 849 2548 nonnulli
871 2484 989 2549 habent
1005 2485 1108 2562 semel,
1124 2483 1177 2548 alii

123 2573 230 2636 simul.
260 2573 389 2634 Batou.
434 2571 552 2646 Simul,
576 2593 649 2655 quae
670 2569 744 2634 edit.
768 2569 919 2668 principis
941 2570 1096 2656 scriptura
1117 2585 1174 2650 est,

123 2656 335 2743 adstipulante
356 2656 385 2719 ei
407 2653 505 2719 altero
527 2679 566 2719 ex
590 2656 695 2721 MStis
716 2678 802 2733 mers,
823 2655 977 2731 revocavi,
1002 2656 1060 2721 etsi
1081 2655 1177 2720 inter-

125 2742 203 2806 dum
224 2744 319 2808 semel
339 2765 397 2830 pro
414 2762 565 2829 prorsus‘
574 2756 606 2805 et
627 2744 663 2804 in
683 2752 874 2830 perpetuum
897 2754 1018 2806 veteres
1042 2756 1175 2828 ponunt.

126 2829 236 2893 Habet
254 2830 316 2892 eibi
335 2851 394 2915 pro
413 2827 512 2892 mmul
523 2828 622 2892 codex
643 2850 733 2892 meus
752 2828 826 2892 olim
842 2829 1079 2908 Tewateranus,
1094 2850 1177 2892 anno

128 2918 212 3001 1396
227 2914 370 3001 scriptus,
386 2925 418 2977 et
431 2915 565 3002 singula
579 2937 638 3002 pro
651 2915 809 3002 singuiis.
833 2916 916 2978 Mox
931 2929 1006 2980 sect.
1020 2918 1052 2979 6.
1069 2914 1176 2992 verba,

125 3004 181 3088 qui
209 3001 431 3066 Christianum
456 3021 490 3063 se
517 3003 681 3081 mentitur,
706 3023 843 3085 quorum
868 3000 1011 3065 ordinem
1040 3000 1083 3064 sic
1113 3000 1178 3064 sine

125 3109 220 3151 causa
233 3087 368 3151 mutavit
383 3085 562 3164 Manutius,
581 3089 636 3184 qui
652 3108 685 3151 se
702 3087 923 3151 Christianam
943 3089 1096 3153 mentitur
1105 3111 1117 3160 ,·
1138 3109 1178 3150 ex

129 3172 218 3239 editt.
233 3173 456 3238 vetustioribus
470 3171 600 3236 restitui.

169 3260 208 3324 P.
220 3278 295 3344 312.
311 3258 335 3323 l.
352 3278 404 3326 22.
420 3273 452 3322 et
466 3256 523 3320 zeli
538 3279 574 3321 ac
588 3257 694 3321 livoris
708 3257 842 3346 alienus]
861 3257 953 3321 Vocis
964 3258 1088 3321 alienus
1103 3279 1176 3321 cum

124 3344 270 3432 genitivis
287 3343 336 3408 his
354 3341 587 3421 constructioni,
604 3365 700 3429 quam
719 3343 840 3430 primus
858 3343 975 3430 recepit
998 3343 1177 3422 Manutius,

124 3430 361 3517 patrocinantur
385 3431 484 3495 codex
509 3442 643 3516 uterque
668 3429 754 3494 Novi
780 3427 913 3516 Collegii
937 3452 973 3493 ac
997 3430 1178 3493 Tewatera-

125 3539 196 3582 nus.
242 3516 383 3581 Alteram
396 3540 471 3581 vero
485 3515 757 3595 constructionem,
774 3539 847 3601 quae
865 3514 966 3602 posita
980 3526 1026 3578 est
1040 3513 1072 3576 in
1087 3514 1177 3579 editt.

126 3601 348 3666 Manutianam
373 3601 634 3690 praecedentibus,
658 3612 689 3667 et
714 3624 736 3664 a
760 3602 825 3665 zelo
851 3622 889 3664 ae
914 3601 1014 3665 livore
1039 3599 1176 3677 alienus,

127 3686 205 3750 alter
227 3711 371 3753 meorum
394 3689 547 3752 librorum
569 3687 675 3753 babet.
721 3687 870 3751 Proxime
894 3701 966 3773 post
989 3686 1021 3750 in
1045 3685 1178 3773 apostoli

127 3772 213 3853 iicet
234 3797 338 3854 voces,
361 3774 555 3854 carnalibus,
579 3783 831 3862 tanquamque
853 3796 873 3836 a
893 3785 983 3836 textu
1004 3771 1177 3836 Baluziano

127 3858 209 3922 forte
223 3860 419 3940 exciderunt,
434 3860 566 3924 restitui.

171 3945 211 4007 P.
249 3965 296 4029 13.
315 3946 337 4011 l.
353 3947 404 4014 28.
427 3945 583 4010 secundus
600 3946 689 4009 homo
710 3946 747 4009 de
768 3945 857 4029 cub]
879 3944 931 4006 De
950 3941 1009 4006 hac
1027 3941 1178 4007 varietate

128 4051 201 4093 cons
236 4052 270 4093 as
289 4032 373 4095 Novi
389 4030 585 4096 Testamenti
598 4030 749 4095 editiones
759 4055 770 4110 3
790 4030 847 4094 has
865 4040 1005 4116 porroet
1024 4027 1106 4091 infra
1124 4027 1178 4091 adi

128 4113 168 4178 de
190 4114 346 4213 scriptura
365 4117 420 4180 illa
433 4128 598 4204 portemus
614 4139 673 4203 pro
687 4117 900 4204 portabimus,
916 4137 988 4178 cum
1009 4113 1042 4176 in
1058 4112 1178 4177 Graecis

129 4199 257 4349 ppurimr
271 4201 393 4267 codices
408 4203 514 4290 scripti
531 4217 563 4268 et
581 4215 685 4290 patres
700 4201 878 4286 φορέσωμεν
892 4201 1028 4265 habeant
1042 4222 1102 4286 pro
1118 4207 1177 4283 φο-

128 4312 146 4366 p
164 4312 267 4366 σομεν.

630 4393 681 4458 Ζ3
