2678 4830
386 333 678 398 HAERE'I'ICOS
701 331 948 400 LIBELLUS.
1128 337 1191 406 159

145 530 295 579 manum
313 505 526 606 sanguinem
545 507 705 581 fundere.
757 507 945 581 Christum
966 521 1100 595 autern,
1118 536 1192 583 non

146 624 192 696 ab
220 622 302 712 hoc,
327 622 390 722 qui
418 620 543 698 fecerit
574 622 765 714 mundum,
790 624 853 698 sed
884 626 930 697 ab
960 624 1022 697 illo
1046 626 1194 700 Abraxa

145 739 298 814 missum
329 739 469 814 venisse
498 741 534 814 in
566 741 843 842 phantasmate:
881 742 958 815 sine
993 744 1195 817 substantia

145 856 261 930 carnis
277 856 410 931 fuisse:
437 859 536 932 hunc
558 885 705 958 passum
729 857 905 931 aJudaeis
929 885 1001 931 non
1025 886 1114 949 esse,
1132 858 1195 932 sed

118 973 224 1051 svice
246 973 359 1074 ipsius
382 974 569 1047 Simonem
594 977 808 1048 crucifixum
829 1002 926 1059 esse;
954 974 1049 1048 unde
1072 975 1194 1049 necin

147 1116 232 1164 eum
263 1090 482 1164 credendum
514 1117 603 1182 esse,
630 1091 692 1189 qui
724 1092 770 1165 sit
802 1093 1007 1183 crucifixus,
1037 1119 1084 1166 ne
1113 1093 1194 1190 quis

148 1210 362 1282 confiteatur
379 1207 415 1280 in
434 1206 622 1280 Simonem
641 1208 845 1282 credidisse.
893 1211 1070 1310 Martyria
1088 1222 1196 1309 negat

148 1351 225 1399 esse
254 1323 437 1400 facienda:
472 1324 587 1397 carnis
618 1325 914 1398 resurrectionem
945 1328 1098 1425 graviter
1128 1326 1196 1398 irn-

149 1456 298 1544 pugnat,
314 1470 450 1542 negans
468 1442 619 1516 salutern
639 1443 846 1542 corporibus
864 1445 1128 1543 repromissam.

103 1591 141 1632 10
198 1560 302 1634 Alter
322 1560 511 1632 lraereticus
531 1558 705 1633 Nicolaus
722 1559 889 1645 emersit;
918 1562 977 1634 bic
994 1560 1038 1635 de
1056 1574 1194 1663 septem
1241 1595 1324 1644 cip,

150 1674 320 1763 diaconis,
354 1676 415 1775 qui
451 1677 487 1749 in
522 1676 625 1749 Actis
656 1677 912 1776 Apostolorum
948 1678 1065 1752 allecti
1101 1695 1196 1770 sunt,
1205 1660 1332 1789 Affljs

150 1792 239 1867 fuit:
269 1795 329 1868 hic
355 1794 443 1867 dicit
468 1795 632 1866 tenebras
658 1793 696 1866 in
722 1793 1013 1894 concupiscentia
1038 1797 1198 1886 luminis,

151 1924 188 1985 et
212 1910 360 2008 quidem
389 1910 489 1985 foeda
516 1922 553 1983 et
582 1912 764 2002 obscoena,
789 1910 919 1984 fuisse:
950 1938 994 1984 ex
1022 1913 1090 1986 hac
1118 1941 1199 2014 per-

152 2027 328 2101 mixtione
350 2027 482 2127 (pudor
504 2041 559 2102 est
581 2027 698 2101 dicere
725 2055 804 2125 quae
827 2027 956 2102 foetida
978 2043 1014 2102 et
1040 2030 1200 2105 immun-

107 2143 221 2232 15da3
249 2158 394 2218 suntet
422 2157 548 2218 caetera
575 2146 770 2228 obseoena;
798 2172 924 2218 omnes
955 2143 1052 2246 (for.
1075 2157 1198 2248 omne)

152 2262 250 2336 enirn
279 2262 387 2335 refert
417 2261 591 2360 quasdam
626 2261 859 2360 turpitudinis
889 2275 1004 2352 notas,
1033 2277 1069 2336 et
1100 2291 1199 2338 com‘

153 2381 293 2480 plexus,
321 2392 358 2452 et
391 2378 647 2478 permixtiones
680 2379 908 2469 execrabiles,
938 2382 1200 2479 obscoenasque

155 2497 376 2595 conjunctas,
405 2509 441 2569 et
475 2494 640 2593 quaedam
675 2520 720 2567 ex
756 2494 841 2595 ipsis
874 2495 992 2570 adhuc
1021 2498 1195 2598 turpiora)

155 2628 259 2687 natos
271 2626 441 2713 praeterea
459 2612 654 2700 daemones,
666 2624 702 2684 et
719 2611 817 2701 deos,
831 2624 867 2684 et
885 2613 1030 2712 spiritus
1048 2632 1200 2715 septem,

110 2744 194 2804 aoet
216 2731 285 2804 alia
311 2731 395 2803 satis
422 2730 593 2829 sacrilega
616 2728 750 2828 pariter
773 2743 810 2802 et
834 2729 944 2818 foeda,
966 2758 1047 2828 quae
1073 2733 1202 2805 referre

40 2838 43 2842 ⁴
157 2847 412 2938 erubescimus,
433 2860 469 2920 et
492 2847 571 2944 jam
598 2844 833 2945 praeterimus.
885 2846 979 2920 Satis
1006 2860 1060 2920 est
1086 2848 1202 2939 nobis,

157 2963 254 3062 quod
271 2977 387 3037 totam
405 2964 510 3037 istam
531 2964 691 3036 haeresim
712 2963 975 3038 Nicolaitarum
992 2964 1202 3066 Apocalyp-

158 3082 205 3155 sis
231 3081 384 3154 Domini
410 3079 620 3180 gravissima
649 3081 714 3174 (on
742 3080 991 3179 gravissimael)
1018 3082 1203 3156 sententiae

159 3193 371 3272 auctoritate
383 3197 579 3288 damnavit,
592 3197 760 3271 dicendo:
783 3197 960 3275 Quietae
973 3208 1084 3288 tenes,
1097 3200 1206 3273 odisti
1214 3224 1290 3288 apos
1300 3223 1325 3271 u.

113 3338 147 3400 25
159 3317 359 3391 doctrinam
376 3315 660 3402 Nineuitarum,
678 3339 786 3413 quom
807 3325 843 3388 et
865 3340 931 3413 ego
953 3315 1023 3386 odi.
1074 3314 1205 3388 Acces-

160 3448 282 3507 serant
297 3434 354 3506 his
373 3433 530 3506 haeretici
545 3432 654 3504 etiam
674 3430 737 3521 illi,
752 3431 813 3528 qui
830 3431 979 3531 Ophitae
993 3457 1206 3530 nuncupan-

159 3564 234 3634 tur;
253 3577 338 3624 nam
354 3562 558 3650 serpentem
574 3547 808 3647 magnificant
826 3547 863 3620 in
877 3560 1032 3637 tantum,
1045 3561 1086 3621 ut
1099 3548 1202 3622 illurn

159 3666 269 3740 etiam
288 3666 355 3766 ipsi
376 3666 521 3740 Christo
539 3665 741 3765 praeferant.
792 3665 876 3764 Ipse
894 3663 1004 3753 enim,
1022 3664 1205 3764 inquiunt,

160 3782 318 3856 scientiae
342 3781 445 3854 nobis
467 3781 551 3854 boni
575 3794 612 3854 et
635 3781 721 3854 mali
747 3779 921 3880 originem
950 3781 1069 3867 dedit;
1097 3779 1206 3877 hujus

113 3930 151 3986 ³0
161 3897 448 3972 animadvertens
481 3897 680 3996 potentiam
713 3910 751 3970 et
786 3897 1012 3994 majestatem
1048 3901 1206 3997 Moyses,

161 4015 342 4112 inquiunt,
364 4039 494 4087 aercurn
523 4013 644 4113 posuit
671 4026 897 4112 serpentem:
924 4027 961 4088 et
986 4013 1207 4112 quicumque

160 4133 281 4233 ipsum
300 4145 529 4233 aspexerunt,
547 4130 737 4203 sanitatem
759 4130 943 4204 consecuti
966 4141 1061 4202 sunt.
1112 4129 1207 4227 Ipse,

60 4245 64 4254 ’
162 4250 263 4322 aiunt
287 4264 470 4350 praeterea,
487 4247 654 4322 Christus
680 4247 719 4319 in
744 4246 929 4345 evangelio
956 4272 1021 4319 suo
1047 4243 1210 4319 imitatur
