<?xml version="1.0" encoding="UTF-8"?>
<!DOCTYPE html PUBLIC "-//W3C//DTD XHTML 1.0 Transitional//EN"
    "http://www.w3.org/TR/xhtml1/DTD/xhtml1-transitional.dtd">
<html xmlns="http://www.w3.org/1999/xhtml" xml:lang="en" lang="en">
 <head>
  <title>
</title>
<meta http-equiv="Content-Type" content="text/html;charset=utf-8" />
  <meta name='ocr-system' content='tesseract 3.04.00' />
  <meta name='ocr-capabilities' content='ocr_page ocr_carea ocr_par ocr_line ocrx_word'/>
</head>
<body>
  <div class='ocr_page' id='page_1' title='image "./scriptorumeccle00unkngoog_0028.png"; bbox 0 0 2678 4830; ppageno 0'>
   <div class='ocr_carea' id='block_1_1' title="bbox 646 631 711 681">
    <p class='ocr_par' dir='ltr' id='par_1_1' title="bbox 646 631 711 681">
     <span class='ocr_line' id='line_1_1' title="bbox 646 631 711 681; baseline -0.015 0"><span class='ocrx_word' id='word_1_1' title='bbox 646 631 711 681; x_wconf 73' lang='lat' dir='ltr'>&#39;rot</span> 
     </span>
    </p>
   </div>
   <div class='ocr_carea' id='block_1_2' title="bbox 278 815 1076 925">
    <p class='ocr_par' dir='ltr' id='par_1_2' title="bbox 278 815 1076 925">
     <span class='ocr_line' id='line_1_2' title="bbox 278 815 1076 925; baseline 0.008 -25"><span class='ocrx_word' id='word_1_2' title='bbox 278 815 499 905; x_wconf 73' lang='grc' dir='ltr'><strong>ΑΓΙΟΥ</strong></span> <span class='ocrx_word' id='word_1_3' title='bbox 545 819 1076 925; x_wconf 71' lang='grc' dir='ltr'><strong>ΠΟΛΤΚΑΡΠΟΤ,</strong></span> 
     </span>
    </p>
   </div>
   <div class='ocr_carea' id='block_1_3' title="bbox 319 1009 1035 1087">
    <p class='ocr_par' dir='ltr' id='par_1_3' title="bbox 319 1009 1035 1087">
     <span class='ocr_line' id='line_1_3' title="bbox 319 1009 1035 1087; baseline 0.001 -14"><span class='ocrx_word' id='word_1_4' title='bbox 319 1025 518 1074; x_wconf 72' lang='lat' dir='ltr'>nmxonos</span> <span class='ocrx_word' id='word_1_5' title='bbox 531 1023 691 1074; x_wconf 63' lang='lat' dir='ltr'>insinno</span> <span class='ocrx_word' id='word_1_6' title='bbox 705 1009 765 1074; x_wconf 73' lang='lat' dir='ltr'>sni</span> <span class='ocrx_word' id='word_1_7' title='bbox 777 1024 1035 1087; x_wconf 70' lang='grc' dir='ltr'>ιουοτοουττυοτ,</span> 
     </span>
    </p>
   </div>
   <div class='ocr_carea' id='block_1_4' title="bbox 190 1202 1163 1279">
    <p class='ocr_par' dir='ltr' id='par_1_4' title="bbox 190 1202 1163 1279">
     <span class='ocr_line' id='line_1_4' title="bbox 190 1202 1163 1279; baseline 0 -12"><span class='ocrx_word' id='word_1_8' title='bbox 190 1202 339 1268; x_wconf 87' lang='grc' dir='ltr'><strong>ΠΡΟΣ</strong></span> <span class='ocrx_word' id='word_1_9' title='bbox 381 1203 809 1279; x_wconf 72' lang='grc' dir='ltr'><strong>ΦΙΛΙΠΠΗΣΙΟΥΣ</strong></span> <span class='ocrx_word' id='word_1_10' title='bbox 852 1203 1163 1271; x_wconf 85' lang='grc' dir='ltr'><strong>ΕΠΙΣΤΟΛΗ.</strong></span> 
     </span>
    </p>
   </div>
   <div class='ocr_carea' id='block_1_5' title="bbox 354 1465 1001 1552">
    <p class='ocr_par' dir='ltr' id='par_1_5' title="bbox 354 1465 1001 1552">
     <span class='ocr_line' id='line_1_5' title="bbox 354 1465 1001 1552; baseline 0.005 -4"><span class='ocrx_word' id='word_1_11' title='bbox 354 1467 588 1551; x_wconf 87' lang='lat' dir='ltr'>SANCTI</span> <span class='ocrx_word' id='word_1_12' title='bbox 626 1465 1001 1552; x_wconf 89' lang='lat' dir='ltr'><strong>POLYCARPI</strong></span> 
     </span>
    </p>
   </div>
   <div class='ocr_carea' id='block_1_6' title="bbox 111 1674 1201 1833">
    <p class='ocr_par' dir='ltr' id='par_1_6' title="bbox 111 1674 1201 1833">
     <span class='ocr_line' id='line_1_6' title="bbox 111 1674 1201 1742; baseline 0.004 -18"><span class='ocrx_word' id='word_1_13' title='bbox 111 1675 126 1735; x_wconf 86' lang='grc'>5</span> <span class='ocrx_word' id='word_1_14' title='bbox 157 1674 355 1740; x_wconf 80' lang='lat' dir='ltr'>MARTYRIS,</span> <span class='ocrx_word' id='word_1_15' title='bbox 366 1677 627 1728; x_wconf 80' lang='lat' dir='ltr'>SMYRNAEORUM</span> <span class='ocrx_word' id='word_1_16' title='bbox 643 1676 810 1742; x_wconf 74' lang='lat' dir='ltr'>nmscom,</span> <span class='ocrx_word' id='word_1_17' title='bbox 822 1678 1000 1730; x_wconf 77' lang='lat' dir='ltr'>DISCIPULI</span> <span class='ocrx_word' id='word_1_18' title='bbox 1015 1678 1201 1729; x_wconf 62' lang='lat' dir='ltr'>sommus</span> 
     </span>
     <span class='ocr_line' id='line_1_7' title="bbox 545 1770 811 1833; baseline 0.004 -15"><span class='ocrx_word' id='word_1_19' title='bbox 545 1770 811 1833; x_wconf 78' lang='lat' dir='ltr'>EVANGELISTAE,</span> 
     </span>
    </p>
   </div>
   <div class='ocr_carea' id='block_1_7' title="bbox 318 1933 1039 2000">
    <p class='ocr_par' dir='ltr' id='par_1_7' title="bbox 318 1933 1039 2000">
     <span class='ocr_line' id='line_1_8' title="bbox 318 1933 1039 2000; baseline 0 -4"><span class='ocrx_word' id='word_1_20' title='bbox 318 1933 385 1996; x_wconf 95' lang='lat' dir='ltr'>AD</span> <span class='ocrx_word' id='word_1_21' title='bbox 416 1933 761 1998; x_wconf 88' lang='lat' dir='ltr'><strong>PHILIPPENSES</strong></span> <span class='ocrx_word' id='word_1_22' title='bbox 791 1935 1039 2000; x_wconf 87' lang='lat' dir='ltr'><strong>EPISTOLA.</strong></span> 
     </span>
    </p>
   </div>
   <div class='ocr_carea' id='block_1_8' title="bbox 536 2168 828 2212">
    <p class='ocr_par' dir='ltr' id='par_1_8' title="bbox 536 2168 828 2212">
     <span class='ocr_line' id='line_1_9' title="bbox 536 2168 828 2212; baseline -0.003 -16"><span class='ocrx_word' id='word_1_23' title='bbox 536 2168 828 2212; x_wconf 47' lang='grc' dir='ltr'>...Φ-.-</span> 
     </span>
    </p>
   </div>
   <div class='ocr_carea' id='block_1_9' title="bbox 108 2364 1201 2816">
    <p class='ocr_par' dir='ltr' id='par_1_9' title="bbox 158 2364 1200 2469">
     <span class='ocr_line' id='line_1_10' title="bbox 158 2364 1200 2469; baseline 0.001 -31"><span class='ocrx_word' id='word_1_24' title='bbox 158 2365 360 2466; x_wconf 83' lang='grc' dir='ltr'>Πολῦκαριιος</span> <span class='ocrx_word' id='word_1_25' title='bbox 381 2364 432 2438; x_wconf 75' lang='grc' dir='ltr'>καί</span> <span class='ocrx_word' id='word_1_26' title='bbox 455 2367 483 2438; x_wconf 80' lang='grc' dir='ltr'>οἱ</span> <span class='ocrx_word' id='word_1_27' title='bbox 504 2366 557 2438; x_wconf 83' lang='grc' dir='ltr'>σῦυ</span> <span class='ocrx_word' id='word_1_28' title='bbox 577 2366 657 2464; x_wconf 75' lang='grc' dir='ltr'>αῦτιῦ</span> <span class='ocrx_word' id='word_1_29' title='bbox 682 2365 894 2465; x_wconf 81' lang='grc' dir='ltr'>Πρεσβῦτεροι</span> <span class='ocrx_word' id='word_1_30' title='bbox 917 2374 957 2469; x_wconf 74' lang='grc' dir='ltr'>τῇ</span> <span class='ocrx_word' id='word_1_31' title='bbox 981 2365 1128 2462; x_wconf 74' lang='grc' dir='ltr'>ἐκκλησίᾳ</span> <span class='ocrx_word' id='word_1_32' title='bbox 1148 2375 1200 2439; x_wconf 86' lang='grc' dir='ltr'>τοῦ</span> 
     </span>
    </p>

    <p class='ocr_par' dir='ltr' id='par_1_10' title="bbox 209 2477 1201 2586">
     <span class='ocr_line' id='line_1_11' title="bbox 209 2477 1201 2586; baseline -0.001 -31"><span class='ocrx_word' id='word_1_33' title='bbox 209 2491 288 2556; x_wconf 89' lang='grc' dir='ltr'>Θεοῦ</span> <span class='ocrx_word' id='word_1_34' title='bbox 315 2492 354 2586; x_wconf 73' lang='grc' dir='ltr'>τῇ</span> <span class='ocrx_word' id='word_1_35' title='bbox 379 2483 561 2584; x_wconf 79' lang='grc' dir='ltr'>παροικοῦση</span> <span class='ocrx_word' id='word_1_36' title='bbox 588 2479 769 2564; x_wconf 79' lang='grc' dir='ltr'>Φιλίππους·</span> <span class='ocrx_word' id='word_1_37' title='bbox 797 2477 909 2562; x_wconf 81' lang='grc' dir='ltr'>Ἔλεος</span> <span class='ocrx_word' id='word_1_38' title='bbox 936 2482 1004 2577; x_wconf 84' lang='grc' dir='ltr'>ῦμῖυ</span> <span class='ocrx_word' id='word_1_39' title='bbox 1028 2480 1079 2554; x_wconf 70' lang='grc' dir='ltr'>καί</span> <span class='ocrx_word' id='word_1_40' title='bbox 1105 2484 1201 2582; x_wconf 81' lang='grc' dir='ltr'>είρῆιη</span> 
     </span>
    </p>

    <p class='ocr_par' dir='ltr' id='par_1_11' title="bbox 108 2595 1201 2816">
     <span class='ocr_line' id='line_1_12' title="bbox 108 2595 1201 2698; baseline 0.005 -31"><span class='ocrx_word' id='word_1_41' title='bbox 108 2628 149 2669; x_wconf 87' lang='lat'>10</span> <span class='ocrx_word' id='word_1_42' title='bbox 209 2600 291 2698; x_wconf 75' lang='grc' dir='ltr'>ιταρῦ</span> <span class='ocrx_word' id='word_1_43' title='bbox 313 2608 392 2673; x_wconf 89' lang='grc' dir='ltr'>Θεοῦ</span> <span class='ocrx_word' id='word_1_44' title='bbox 412 2602 646 2698; x_wconf 71' lang='grc' dir='ltr'>παντοκράτορος</span> <span class='ocrx_word' id='word_1_45' title='bbox 670 2596 721 2671; x_wconf 74' lang='grc' dir='ltr'>καί</span> <span class='ocrx_word' id='word_1_46' title='bbox 743 2597 853 2696; x_wconf 79' lang='grc' dir='ltr'>Κυρίου</span> <span class='ocrx_word' id='word_1_47' title='bbox 872 2595 971 2685; x_wconf 85' lang='grc' dir='ltr'>Ἰησοῦ</span> <span class='ocrx_word' id='word_1_48' title='bbox 993 2605 1128 2696; x_wconf 76' lang='grc' dir='ltr'>Χριστοῦ</span> <span class='ocrx_word' id='word_1_49' title='bbox 1149 2609 1201 2672; x_wconf 89' lang='grc' dir='ltr'>τοῦ</span> 
     </span>
     <span class='ocr_line' id='line_1_13' title="bbox 211 2715 634 2816; baseline -0.012 -27"><span class='ocrx_word' id='word_1_50' title='bbox 211 2727 341 2816; x_wconf 75' lang='grc' dir='ltr'>σωτῆρος</span> <span class='ocrx_word' id='word_1_51' title='bbox 357 2721 436 2812; x_wconf 74' lang='grc' dir='ltr'>ἡμῶν</span> <span class='ocrx_word' id='word_1_52' title='bbox 451 2715 634 2805; x_wconf 80' lang='grc' dir='ltr'>πληθυνθείη.</span> 
     </span>
    </p>
   </div>
   <div class='ocr_carea' id='block_1_10' title="bbox 160 2855 1202 3014">
    <p class='ocr_par' dir='ltr' id='par_1_12' title="bbox 160 2855 1202 3014">
     <span class='ocr_line' id='line_1_14' title="bbox 160 2855 1202 3014; baseline 0 -25"><span class='ocrx_word' id='word_1_53' title='bbox 160 2909 207 2989; x_wconf 84' lang='grc' dir='ltr'>α’.</span> <span class='ocrx_word' id='word_1_54' title='bbox 242 2855 581 2994; x_wconf 78' lang='grc' dir='ltr'>ΣΥΝΕΧΑΡΗΝ</span> <span class='ocrx_word' id='word_1_55' title='bbox 603 2910 684 3008; x_wconf 75' lang='grc' dir='ltr'>ὑμῖν</span> <span class='ocrx_word' id='word_1_56' title='bbox 702 2903 884 3009; x_wconf 79' lang='grc' dir='ltr'>μεγάλως,</span> <span class='ocrx_word' id='word_1_57' title='bbox 905 2908 943 2986; x_wconf 83' lang='grc' dir='ltr'>ἐν</span> <span class='ocrx_word' id='word_1_58' title='bbox 963 2907 1084 3014; x_wconf 75' lang='grc' dir='ltr'>Κυρίῳ</span> <span class='ocrx_word' id='word_1_59' title='bbox 1101 2907 1202 3007; x_wconf 75' lang='grc' dir='ltr'>ἡμῶν</span> 
     </span>
    </p>
   </div>
   <div class='ocr_carea' id='block_1_11' title="bbox 159 3032 1281 3272">
    <p class='ocr_par' dir='ltr' id='par_1_13' title="bbox 159 3032 1281 3272">
     <span class='ocr_line' id='line_1_15' title="bbox 159 3032 1197 3144; baseline -0.001 -29"><span class='ocrx_word' id='word_1_60' title='bbox 159 3040 283 3139; x_wconf 88' lang='grc' dir='ltr'>Ἰησοῦ</span> <span class='ocrx_word' id='word_1_61' title='bbox 309 3043 476 3144; x_wconf 73' lang='grc' dir='ltr'>Χριστῷ,</span> <span class='ocrx_word' id='word_1_62' title='bbox 503 3035 703 3144; x_wconf 74' lang='grc' dir='ltr'>δεξαμένοις</span> <span class='ocrx_word' id='word_1_63' title='bbox 730 3034 776 3114; x_wconf 79' lang='grc' dir='ltr'>τὰ</span> <span class='ocrx_word' id='word_1_64' title='bbox 802 3032 990 3136; x_wconf 83' lang='grc' dir='ltr'>μιμήματα</span> <span class='ocrx_word' id='word_1_65' title='bbox 1016 3039 1079 3133; x_wconf 75' lang='grc' dir='ltr'>τῆς</span> <span class='ocrx_word' id='word_1_66' title='bbox 1107 3038 1197 3136; x_wconf 82' lang='grc' dir='ltr'>άλη-</span> 
     </span>
     <span class='ocr_line' id='line_1_16' title="bbox 160 3160 1281 3272; baseline -0.001 -29"><span class='ocrx_word' id='word_1_67' title='bbox 160 3169 244 3249; x_wconf 85' lang='grc' dir='ltr'>θοῦς</span> <span class='ocrx_word' id='word_1_68' title='bbox 268 3161 425 3266; x_wconf 84' lang='grc' dir='ltr'>ἀγάπης,</span> <span class='ocrx_word' id='word_1_69' title='bbox 450 3167 509 3243; x_wconf 83' lang='grc' dir='ltr'>καὶ</span> <span class='ocrx_word' id='word_1_70' title='bbox 532 3162 809 3272; x_wconf 71' lang='grc' dir='ltr'>προπέμψασα,</span> <span class='ocrx_word' id='word_1_71' title='bbox 835 3166 883 3246; x_wconf 82' lang='grc' dir='ltr'>ὡς</span> <span class='ocrx_word' id='word_1_72' title='bbox 905 3160 1080 3254; x_wconf 80' lang='grc' dir='ltr'>ἐπέβαλεν</span> <span class='ocrx_word' id='word_1_73' title='bbox 1104 3162 1198 3260; x_wconf 75' lang='grc' dir='ltr'>ὑμῖν,</span> <span class='ocrx_word' id='word_1_74' title='bbox 1277 3205 1281 3213; x_wconf 92' lang='grc'><strong><em>·</em></strong></span> 
     </span>
    </p>
   </div>
   <div class='ocr_carea' id='block_1_12' title="bbox 108 3284 1329 3394">
    <p class='ocr_par' dir='ltr' id='par_1_14' title="bbox 108 3284 1329 3394">
     <span class='ocr_line' id='line_1_17' title="bbox 108 3284 1329 3394; baseline -0.011 -16"><span class='ocrx_word' id='word_1_75' title='bbox 108 3316 140 3378; x_wconf 85' lang='grc'>5</span> <span class='ocrx_word' id='word_1_76' title='bbox 160 3291 243 3377; x_wconf 80' lang='grc' dir='ltr'>τοὺς</span> <span class='ocrx_word' id='word_1_77' title='bbox 268 3291 535 3394; x_wconf 73' lang='grc' dir='ltr'>ἐνειλημμένους</span> <span class='ocrx_word' id='word_1_78' title='bbox 559 3298 633 3376; x_wconf 84' lang='grc' dir='ltr'>τοῖς</span> <span class='ocrx_word' id='word_1_79' title='bbox 656 3289 891 3394; x_wconf 72' lang='grc' dir='ltr'>ἁγοοπρειτέσι</span> <span class='ocrx_word' id='word_1_80' title='bbox 917 3292 1076 3388; x_wconf 76' lang='grc' dir='ltr'>δεσμοῖς,</span> <span class='ocrx_word' id='word_1_81' title='bbox 1100 3284 1203 3369; x_wconf 81' lang='grc' dir='ltr'>άτιυά</span> <span class='ocrx_word' id='word_1_82' title='bbox 1320 3292 1329 3305; x_wconf 76' lang='grc'>“’</span> 
     </span>
    </p>
   </div>
   <div class='ocr_carea' id='block_1_13' title="bbox 159 3415 1198 3521">
    <p class='ocr_par' dir='ltr' id='par_1_15' title="bbox 159 3415 1198 3521">
     <span class='ocr_line' id='line_1_18' title="bbox 159 3415 1198 3521; baseline -0.003 -21"><span class='ocrx_word' id='word_1_83' title='bbox 159 3423 241 3500; x_wconf 85' lang='grc' dir='ltr'>ε’στι</span> <span class='ocrx_word' id='word_1_84' title='bbox 259 3419 457 3520; x_wconf 78' lang='grc' dir='ltr'>διαδήματα</span> <span class='ocrx_word' id='word_1_85' title='bbox 474 3427 545 3500; x_wconf 83' lang='grc' dir='ltr'>τῶν</span> <span class='ocrx_word' id='word_1_86' title='bbox 563 3423 706 3521; x_wconf 80' lang='grc' dir='ltr'>ἀληθῶς</span> <span class='ocrx_word' id='word_1_87' title='bbox 730 3415 798 3499; x_wconf 75' lang='grc' dir='ltr'>ὑπὸ</span> <span class='ocrx_word' id='word_1_88' title='bbox 824 3420 933 3516; x_wconf 86' lang='grc' dir='ltr'>θεοῦ,</span> <span class='ocrx_word' id='word_1_89' title='bbox 954 3419 1013 3497; x_wconf 82' lang='grc' dir='ltr'>καὶ</span> <span class='ocrx_word' id='word_1_90' title='bbox 1036 3425 1100 3497; x_wconf 86' lang='grc' dir='ltr'>τοῦ</span> <span class='ocrx_word' id='word_1_91' title='bbox 1123 3423 1198 3497; x_wconf 90' lang='grc' dir='ltr'>Κυ-</span> 
     </span>
    </p>
   </div>
   <div class='ocr_carea' id='block_1_14' title="bbox 159 3605 1204 3923">
    <p class='ocr_par' dir='ltr' id='par_1_16' title="bbox 159 3605 1204 3923">
     <span class='ocr_line' id='line_1_19' title="bbox 562 3605 805 3680; baseline -0.004 -17"><span class='ocrx_word' id='word_1_92' title='bbox 562 3606 643 3663; x_wconf 82' lang='lat' dir='ltr'>Vetus</span> <span class='ocrx_word' id='word_1_93' title='bbox 655 3605 805 3680; x_wconf 68' lang='lat' dir='ltr'>Interpres.</span> 
     </span>
     <span class='ocr_line' id='line_1_20' title="bbox 159 3703 1202 3773; baseline -0.001 -17"><span class='ocrx_word' id='word_1_94' title='bbox 159 3708 310 3772; x_wconf 70' lang='lat' dir='ltr'>Polyonipus</span> <span class='ocrx_word' id='word_1_95' title='bbox 325 3717 350 3758; x_wconf 85' lang='lat' dir='ltr'>et</span> <span class='ocrx_word' id='word_1_96' title='bbox 366 3709 407 3773; x_wconf 86' lang='lat' dir='ltr'>qui</span> <span class='ocrx_word' id='word_1_97' title='bbox 423 3725 479 3758; x_wconf 88' lang='lat' dir='ltr'>cum</span> <span class='ocrx_word' id='word_1_98' title='bbox 495 3725 524 3758; x_wconf 86' lang='lat' dir='ltr'>oo</span> <span class='ocrx_word' id='word_1_99' title='bbox 539 3717 597 3758; x_wconf 89' lang='lat' dir='ltr'>sunt</span> <span class='ocrx_word' id='word_1_100' title='bbox 614 3709 750 3773; x_wconf 76' lang='lat' dir='ltr'>Prosbytoi</span> <span class='ocrx_word' id='word_1_101' title='bbox 766 3706 868 3757; x_wconf 79' lang='lat' dir='ltr'>ooclssiae</span> <span class='ocrx_word' id='word_1_102' title='bbox 886 3703 933 3754; x_wconf 89' lang='lat' dir='ltr'>Dei</span> <span class='ocrx_word' id='word_1_103' title='bbox 950 3721 1002 3768; x_wconf 79' lang='lat' dir='ltr'>quae</span> <span class='ocrx_word' id='word_1_104' title='bbox 1016 3714 1053 3755; x_wconf 85' lang='lat' dir='ltr'>ost</span> <span class='ocrx_word' id='word_1_105' title='bbox 1069 3705 1202 3769; x_wconf 74' lang='lat' dir='ltr'><strong>Philippis:</strong></span> 
     </span>
     <span class='ocr_line' id='line_1_21' title="bbox 194 3788 1204 3856; baseline -0.004 -16"><span class='ocrx_word' id='word_1_106' title='bbox 194 3791 362 3840; x_wconf 82' lang='lat' dir='ltr'>Miserioordio</span> <span class='ocrx_word' id='word_1_107' title='bbox 377 3793 443 3842; x_wconf 90' lang='lat' dir='ltr'>vobis</span> <span class='ocrx_word' id='word_1_108' title='bbox 459 3800 484 3842; x_wconf 84' lang='lat' dir='ltr'>st</span> <span class='ocrx_word' id='word_1_109' title='bbox 499 3809 547 3856; x_wconf 81' lang='lat' dir='ltr'>pax</span> <span class='ocrx_word' id='word_1_110' title='bbox 565 3808 580 3840; x_wconf 86' lang='lat' dir='ltr'><strong>a</strong></span> <span class='ocrx_word' id='word_1_111' title='bbox 599 3791 653 3841; x_wconf 84' lang='lat' dir='ltr'>Deo</span> <span class='ocrx_word' id='word_1_112' title='bbox 669 3791 832 3855; x_wconf 80' lang='lat' dir='ltr'>omnipotente</span> <span class='ocrx_word' id='word_1_113' title='bbox 850 3797 875 3837; x_wconf 81' lang='lat' dir='ltr'>st</span> <span class='ocrx_word' id='word_1_114' title='bbox 893 3788 955 3838; x_wconf 80' lang='lat' dir='ltr'>Jesu</span> <span class='ocrx_word' id='word_1_115' title='bbox 972 3788 1068 3838; x_wconf 85' lang='lat' dir='ltr'>Christo</span> <span class='ocrx_word' id='word_1_116' title='bbox 1087 3788 1204 3838; x_wconf 77' lang='lat' dir='ltr'>salvatore</span> 
     </span>
     <span class='ocr_line' id='line_1_22' title="bbox 194 3866 403 3923; baseline 0 -1"><span class='ocrx_word' id='word_1_117' title='bbox 194 3866 278 3922; x_wconf 72' lang='lat' dir='ltr'>nostio</span> <span class='ocrx_word' id='word_1_118' title='bbox 289 3874 403 3923; x_wconf 80' lang='lat' dir='ltr'><strong>abundet.</strong></span> 
     </span>
    </p>
   </div>
   <div class='ocr_carea' id='block_1_15' title="bbox 163 3959 1204 4283">
    <p class='ocr_par' dir='ltr' id='par_1_17' title="bbox 163 3959 1204 4283">
     <span class='ocr_line' id='line_1_23' title="bbox 203 3959 1202 4044; baseline -0.008 -22"><span class='ocrx_word' id='word_1_119' title='bbox 203 3966 228 4024; x_wconf 91' lang='lat' dir='ltr'>I.</span> <span class='ocrx_word' id='word_1_120' title='bbox 245 3965 470 4044; x_wconf 80' lang='lat' dir='ltr'>Congratulotus</span> <span class='ocrx_word' id='word_1_121' title='bbox 492 3984 557 4021; x_wconf 90' lang='lat' dir='ltr'>sum</span> <span class='ocrx_word' id='word_1_122' title='bbox 579 3964 663 4022; x_wconf 89' lang='lat' dir='ltr'>vobis</span> <span class='ocrx_word' id='word_1_123' title='bbox 704 3962 870 4021; x_wconf 83' lang='lat' dir='ltr'>ostendistis</span> <span class='ocrx_word' id='word_1_124' title='bbox 896 3961 928 4018; x_wconf 90' lang='lat' dir='ltr'>in</span> <span class='ocrx_word' id='word_1_125' title='bbox 954 3959 1012 4017; x_wconf 88' lang='lat' dir='ltr'>illis</span> <span class='ocrx_word' id='word_1_126' title='bbox 1041 3960 1104 4034; x_wconf 88' lang='lat' dir='ltr'>(qui</span> <span class='ocrx_word' id='word_1_127' title='bbox 1130 3978 1202 4033; x_wconf 86' lang='lat' dir='ltr'><strong>prae·</strong></span> 
     </span>
     <span class='ocr_line' id='line_1_24' title="bbox 163 4040 1202 4125; baseline -0.008 -22"><span class='ocrx_word' id='word_1_128' title='bbox 163 4047 328 4125; x_wconf 82' lang='lat' dir='ltr'>magnifice,</span> <span class='ocrx_word' id='word_1_129' title='bbox 353 4048 383 4104; x_wconf 88' lang='lat' dir='ltr'>in</span> <span class='ocrx_word' id='word_1_130' title='bbox 410 4046 537 4103; x_wconf 88' lang='lat' dir='ltr'>Domino</span> <span class='ocrx_word' id='word_1_131' title='bbox 564 4057 663 4103; x_wconf 89' lang='lat' dir='ltr'>nostro</span> <span class='ocrx_word' id='word_1_132' title='bbox 704 4044 784 4101; x_wconf 86' lang='lat' dir='ltr'>missi</span> <span class='ocrx_word' id='word_1_133' title='bbox 801 4047 881 4115; x_wconf 82' lang='lat' dir='ltr'>sunt)</span> <span class='ocrx_word' id='word_1_134' title='bbox 897 4043 966 4098; x_wconf 88' lang='lat' dir='ltr'>viris</span> <span class='ocrx_word' id='word_1_135' title='bbox 984 4041 1101 4105; x_wconf 84' lang='lat' dir='ltr'>sanctis,</span> <span class='ocrx_word' id='word_1_136' title='bbox 1117 4040 1202 4097; x_wconf 89' lang='lat' dir='ltr'>deco-</span> 
     </span>
     <span class='ocr_line' id='line_1_25' title="bbox 163 4121 1204 4203; baseline -0.008 -19"><span class='ocrx_word' id='word_1_137' title='bbox 163 4128 235 4185; x_wconf 86' lang='lat' dir='ltr'>Jesu</span> <span class='ocrx_word' id='word_1_138' title='bbox 250 4129 376 4196; x_wconf 85' lang='lat' dir='ltr'>Christo,</span> <span class='ocrx_word' id='word_1_139' title='bbox 392 4128 550 4203; x_wconf 87' lang='lat' dir='ltr'>suscipiens</span> <span class='ocrx_word' id='word_1_140' title='bbox 567 4127 662 4184; x_wconf 80' lang='lat' dir='ltr'>imita-</span> <span class='ocrx_word' id='word_1_141' title='bbox 703 4125 776 4182; x_wconf 87' lang='lat' dir='ltr'>rosis</span> <span class='ocrx_word' id='word_1_142' title='bbox 808 4124 931 4181; x_wconf 89' lang='lat' dir='ltr'>vinculis</span> <span class='ocrx_word' id='word_1_143' title='bbox 964 4121 1110 4186; x_wconf 80' lang='lat' dir='ltr'>connexis,</span> <span class='ocrx_word' id='word_1_144' title='bbox 1140 4140 1204 4196; x_wconf 86' lang='lat' dir='ltr'>quae</span> 
     </span>
     <span class='ocr_line' id='line_1_26' title="bbox 165 4201 1204 4283; baseline -0.008 -17"><span class='ocrx_word' id='word_1_145' title='bbox 165 4209 237 4266; x_wconf 83' lang='lat' dir='ltr'>bilis</span> <span class='ocrx_word' id='word_1_146' title='bbox 262 4210 353 4268; x_wconf 78' lang='lat' dir='ltr'>verbo</span> <span class='ocrx_word' id='word_1_147' title='bbox 366 4262 368 4267; x_wconf 92' lang='lat'><em>.</em></span> <span class='ocrx_word' id='word_1_148' title='bbox 382 4209 545 4268; x_wconf 86' lang='lat' dir='ltr'>dilectionis</span> <span class='ocrx_word' id='word_1_149' title='bbox 577 4227 664 4283; x_wconf 84' lang='lat' dir='ltr'><strong>quam</strong></span> <span class='ocrx_word' id='word_1_150' title='bbox 705 4217 773 4264; x_wconf 89' lang='lat' dir='ltr'>sunt</span> <span class='ocrx_word' id='word_1_151' title='bbox 788 4225 902 4264; x_wconf 88' lang='lat' dir='ltr'>coronae</span> <span class='ocrx_word' id='word_1_152' title='bbox 922 4206 1022 4262; x_wconf 84' lang='lat' dir='ltr'>electae</span> <span class='ocrx_word' id='word_1_153' title='bbox 1040 4203 1114 4269; x_wconf 87' lang='lat' dir='ltr'>Deo,</span> <span class='ocrx_word' id='word_1_154' title='bbox 1128 4201 1204 4259; x_wconf 89' lang='lat' dir='ltr'>illius</span> 
     </span>
    </p>
   </div>
   <div class='ocr_carea' id='block_1_16' title="bbox 0 0 1351 4830">
    <p class='ocr_par' dir='ltr' id='par_1_18' title="bbox 0 0 1351 4830">
     <span class='ocr_line' id='line_1_27' title="bbox 0 0 1351 4830; baseline 0 0"><span class='ocrx_word' id='word_1_155' title='bbox 0 0 1351 4830; x_wconf 95' lang='lat' dir='ltr'> </span> 
     </span>
    </p>
   </div>
  </div>
 </body>
</html>
