2678 4830
121 292 187 354 248
458 286 834 355 ANNOTATIONES

122 463 183 527 bus
197 461 257 526 illis
271 460 375 541 allata,
390 462 507 547 quibus
527 461 700 526 Firmiliaui
720 484 913 560 suorumque
931 460 1068 526 rationes
1088 461 1179 527 refu-

122 563 241 626 tantur,
257 564 289 613 et
302 546 476 634 baptismus
490 549 615 613 nomine
639 551 669 612 S.
687 547 852 612 Trinitatis
874 572 893 612 a
913 547 1026 634 quovis
1050 547 1178 612 admin-

121 635 198 699 istro
219 634 392 698 celebratus
414 636 627 713 confirmatur,
646 657 717 698 cum
738 633 811 698 alibi
829 650 897 699 tum
915 634 948 698 in
963 634 1177 699 adnotationi-

122 721 183 786 bus
208 723 241 785 S.
257 721 431 819 Augustini
453 722 493 785 ad
517 720 774 806 Carthaginiense
794 721 968 785 Concilium
989 721 1174 807 septimum,

122 831 195 894 quae
209 807 242 871 in
256 807 343 871 libns
357 807 496 894 ejusdem
512 808 610 894 patris
624 807 661 870 de
677 808 842 894 Baptiamo
857 807 918 906 legi
932 820 1074 894 possunt.

167 895 206 958 P.
220 913 294 979 233.
311 893 334 957 l.
346 911 397 975 27.
413 894 607 958 manifestam
621 893 772 978 Stephani
783 892 1075 1042 stultitiampHunc
1085 907 1173 957 certe

123 979 325 1044 Firmilianus
345 980 471 1044 minime
484 980 630 1067 opinatus
644 996 689 1042 est
704 979 800 1043 fuisse
815 980 958 1044 universa
970 1002 1019 1043 em
1034 978 1173 1044 ecclesiae

121 1081 291 1153 pastorem,
303 1080 335 1130 et
345 1067 624 1131 controversiarum
638 1064 988 1150 infallibilcmjudicem,
999 1067 1090 1152 cujus
1101 1087 1174 1152 per-

122 1175 230 1216 sonam
258 1169 290 1216 et
315 1152 527 1218 definitionem
553 1167 617 1216 tam
643 1151 808 1215 inciviliter
832 1152 985 1216 tractavit.
1021 1154 1170 1217 Faenus.

123 1239 197 1304 Hoc
242 1238 347 1303 ulchre
366 1239 454 1318 vidit,
472 1255 509 1304 ut
527 1238 601 1303 olim
618 1238 831 1325 Raymundus
849 1239 1025 1316 Missorius‚
1045 1238 1087 1302 sic
1107 1258 1172 1300 nu·

164 1348 179 1389 r
197 1262 276 1389 alius
291 1349 418 1413 quoque
432 1328 586 1391 Romanae
605 1324 831 1388 communionis
844 1324 970 1401 assecla,
990 1324 1172 1410 Stephanus

122 1348 288 1487 lliorcelli3
312 1412 368 1510 qui
383 1412 511 1499 quidem
526 1413 574 1475 vir
590 1410 820 1488 disertissimus,
836 1410 1077 1497 elegantioribus
1096 1433 1172 1475 sane

121 1496 219 1562 literis
244 1498 399 1584 exquisite
423 1498 544 1576 doctus,
570 1498 603 1562 in
621 1498 738 1582 Afiica
764 1519 821 1560 sua
844 1499 1032 1563 Christiana
1055 1496 1172 1560 exinde

121 1583 257 1671 collegit,
272 1607 335 1647 non
355 1608 445 1670 posse
461 1584 540 1659 fieri,
561 1601 597 1648 ut
618 1583 819 1647 Firmilianus
834 1584 882 1647 vir
901 1599 1036 1663 sanctus,
1056 1597 1093 1647 ut
1112 1582 1170 1661 ait,

122 1684 154 1734 et
173 1693 193 1733 a
212 1669 318 1734 multis
340 1670 587 1748 commendatus,
606 1669 662 1732 has
683 1669 788 1734 literas
810 1670 975 1756 scripserit,
993 1670 1069 1756 quia
1089 1668 1171 1732 adeo

121 1771 231 1819 contra
242 1756 329 1820 Petri
341 1779 545 1820 successorem
558 1756 753 1842 Stephanum
765 1756 996 1820 contumeliosae
1005 1770 1100 1841 atque
1108 1754 1168 1818 im·

121 1843 229 1928 probae
245 1841 323 1915 sint3
348 1843 389 1907 ab
404 1842 550 1905 haeretico
565 1864 699 1927 nequam
714 1855 745 1905 et
759 1843 868 1906 infami
882 1842 1072 1928 compositae.
1113 1843 1170 1905 In-

122 1928 209 2013 signe
229 1927 407 2014 exemplum
427 1927 566 2005 fallaciae,
587 1951 659 2013 quae
679 1928 796 1992 dicitur
810 1931 976 2016 petitionis
991 1929 1102 2015 princi
1125 1930 1169 1991 ii!

122 2015 188 2078 Fac
202 2028 307 2077 autem
323 2038 399 2096 esse,
414 2015 468 2101 qui
483 2014 665 2101 hujusmodi
680 2016 873 2113 argumentis
886 2015 1015 2079 scientes
1029 1951 1171 2100 prndiu-

121 2114 230 2199 tesque
250 2101 282 2164 in
302 2102 396 2165 rebus
416 2101 494 2166 tanti
514 2101 662 2165 momenti
683 2125 730 2164 usi
750 2101 878 2182 fuerint,
893 2101 977 2165 unde
998 2101 1052 2164 fiet
1071 2099 1171 2164 totius

120 2187 194 2251 fider
214 2186 368 2252 historicae
385 2187 539 2266 interitus,
556 2188 662 2251 Deum
678 2186 829 2274 deprecor
844 2210 921 2252 meae
935 2187 1058 2265 animm,
1074 2209 1113 2250 ne
1130 2186 1172 2250 sit

120 2273 153 2337 in
179 2275 290 2339 futuro
316 2274 429 2339 saeculo
451 2297 523 2338 cum
549 2288 613 2338 tam
639 2274 755 2360 iniquis
781 2287 812 2338 et
837 2273 988 2361 improbis
1013 2273 1169 2361 sophistis,

122 2362 356 2440 Verumtamen,
375 2361 462 2447 quod
483 2359 556 2424 alibi
576 2361 652 2438 dixi,
673 2360 795 2447 ineptas
813 2359 881 2423 illas
902 2361 1040 2425 Missorii
1060 2374 1171 2424 contra

121 2447 202 2511 hanc
215 2448 376 2534 epistolam
391 2446 600 2512 cavillationes
614 2447 666 2510 alii
681 2447 845 2534 scriptores
864 2445 1170 2511 Romano-catholici

121 2532 203 2597 inter
222 2533 319 2598 Italos
337 2558 465 2621 quoque
485 2534 633 2619 degentes
650 2546 849 2620 respuerunt.
889 2534 1040 2598 Conferas
1056 2547 1087 2597 et
1108 2534 1170 2597 Ba-

122 2618 197 2683 luzii
213 2634 329 2696 notam,
345 2643 440 2706 quam
456 2620 605 2685 adfinem
621 2620 759 2706 epistolae
774 2618 905 2683 adduxi.

166 2707 203 2770 P.
218 2725 291 2793 235.
306 2708 327 2770 l.
342 2727 394 2773 21.
410 2721 441 2770 et
456 2707 480 2770 si
496 2730 593 2770 novos
607 2707 775 2793 prophetas
789 2705 957 2792 recipiunt]
971 2706 1048 2768 Non
1062 2713 1099 2768 ut
1114 2727 1170 2770 vos

124 2792 227 2877 (prrus
248 2796 359 2877 novos)
388 2795 482 2856 Hanc
502 2792 675 2867 lectionem,
698 2815 794 2877 quam
818 2806 897 2890 puto
919 2815 983 2855 esse
1005 2791 1168 2877 optimam,

122 2877 226 2940 inveni
241 2877 273 2940 in
290 2901 353 2941 uno
368 2877 448 2942 libro
462 2901 532 2942 meo
546 2892 661 2941 vetere.
707 2878 873 2942 Morelhus
892 2878 998 2963 posuit
1012 2901 1075 2942 non
1091 2899 1167 2952 voa,-

123 2986 255 3048 eamque
268 2962 430 3027 lectionem
446 2987 505 3050 ego
520 2964 620 3049 reperi
637 2964 669 3027 iu
689 2980 825 3050 quatuor
842 2964 1002 3028 codicibus
1020 2963 1169 3050 antiquis.

123 3049 282 3113 Pamelius
296 3049 473 3113 emendavit
488 3073 526 3114 ex
541 3050 719 3136 conjectura
733 3066 765 3114 et
779 3051 900 3138 scripsit
914 3073 1010 3114 notros
1026 3050 1168 3137 prophe-

122 3144 182 3214 tas,
199 3150 267 3200 turn
281 3136 356 3234 quia
369 3136 578 3223 conjecturam
594 3158 681 3199 suam
701 3137 913 3201 confirmatam
928 3137 1044 3223 reperit
1058 3150 1169 3200 aucto·

122 3221 213 3287 ritate
229 3222 342 3288 codicis
357 3223 521 3310 Anglicani
538 3246 603 3309 quo
622 3222 689 3309 ipse
708 3223 868 3301 utebatur,
884 3237 951 3287 tum
969 3223 1057 3310 quod
1075 3237 1169 3287 antea

122 3309 324 3374 Fimrilianus
341 3333 491 3374 novarum
513 3309 748 3397 prophetiarum
768 3309 951 3374 meminerit.
998 3310 1112 3394 Itaque
1127 3332 1168 3373 ex

121 3395 257 3460 editione
280 3397 409 3461 Pamelii
431 3397 555 3462 emersit
577 3395 725 3482 vulgaris
771 3397 905 3460 Videtur
925 3409 1029 3460 autem
1054 3394 1169 3459 Firmi-

121 3480 223 3544 lianus
237 3483 407 3567 respexisse
421 3482 462 3546 ad
479 3483 621 3547 haeresim
642 3482 913 3560 Marcionitarum,
928 3506 1007 3568 quos
1025 3480 1168 3568 Epipha-

121 3566 193 3630 nius
214 3567 258 3630 ait
279 3569 458 3653 repudiasse
479 3567 579 3654 legem
602 3593 638 3632 ac
659 3592 717 3655 pro
740 3569 838 3634 betas.
885 3571 998 3632 Monet
1016 3583 1168 3654 praeterea

123 3652 281 3716 Pamelius
295 3652 326 3715 in
342 3654 447 3717 codice
463 3677 520 3717 suo
532 3654 704 3739 Anglicano
717 3594 780 3754 legi
795 3658 865 3721 ets
886 3657 996 3718 iritum
1011 3656 1167 3719 Sanctum

121 3753 192 3824 post
206 3741 336 3802 Patrem
352 3751 381 3803 et
395 3742 528 3803 Filium.
570 3739 665 3818 Quod
680 3764 739 3828 ego
752 3767 785 3807 1n
800 3680 887 3805 nulii
900 3763 1008 3805 eorum
1024 3755 1166 3804 veterum

121 3823 346 3911 exemplarium
361 3826 461 3913 reperi
476 3825 593 3911 quibus
607 3849 683 3889 usus
701 3850 770 3891 sum
790 3829 822 3893 in
839 3828 898 3891 hac
916 3826 1047 3913 epistola
1062 3849 1166 3890 recen-

122 3911 227 3977 senda.
273 3912 396 3998 Rejecit
420 3924 525 3975 autem
550 3911 707 3976 Pamelius
728 3914 788 3979 hoc
810 3915 1070 3991 additamentum,
1115 3913 1166 3976 uia

123 3999 335 4085 Cataphrygae
353 3998 568 4085 nonveundem
588 3998 739 4096 Spiritum
757 4003 906 4064 Sanctum
921 4022 993 4062 cum
1008 3936 1166 4062 catholicis

121 4085 340 4170 agnoscebant,
351 4097 462 4170 utpote
471 4083 527 4170 qui
539 4107 601 4147 non
615 4084 705 4148 rllum
720 4085 775 4150 sed
791 4088 981 4149 Montanum
996 4109 1061 4149 esse
1076 4107 1166 4171 para

112 4170 235 4235 ‚cletum
256 4195 275 4235 a
295 4171 421 4235 Christo
440 4169 626 4257 promissum
647 4171 796 4235 dicerent.
825 4173 1010 4236 Banuzms,
1056 4173 1164 4234 Statu-

119 4257 184 4321 enti
210 4258 260 4326 hic
290 4257 421 4323 Baluzio
449 4256 619 4345 respexisse
649 4257 866 4323 Firmilianum
892 4256 932 4320 ad
961 4257 1165 4322 Marcionitas
