2678 4830
115 318 181 386 272
492 314 526 378 S.
546 312 783 378 CYPRIANI

116 486 217 563 savit.
262 485 335 568 Qui
353 485 472 558 filium
490 512 563 559 non
581 499 683 586 potes
701 485 782 583 lege
799 497 836 559 et
853 498 946 560 sorte
965 488 1179 563 mortalita-

114 603 161 678 tis
175 603 351 692 amittere,
360 601 447 701 quid
461 601 594 676 faceres
611 603 639 675 si
658 602 774 675 filium
790 601 966 699 jubereris
979 604 1175 680 occidere?

164 719 272 793 Vlll.
299 719 358 793 Ad
380 718 503 791 omnia
522 730 559 791 te
581 731 746 818 paratum
765 718 881 793 facere
903 717 1013 792 timor
1034 719 1114 794 Dei
1134 734 1174 796 et

114 836 203 910 fides
225 836 343 909 debet.
382 835 438 907 Sit
463 835 548 908 licet
572 835 622 907 rei
650 834 834 908 familiaris
862 835 1017 926 amissio,
1044 837 1093 910 sit
1121 837 1171 912 de
1320 912 1325 925 ,

114 949 366 1024 infestantibus
384 949 518 1022 morbis
535 948 675 1023 assidua
693 952 940 1025 membrorum
957 964 993 1025 et
1010 966 1195 1033 cruentas

113 1067 266 1155 vexatio,
294 1066 340 1138 sit
369 1065 414 1138 de
443 1092 564 1155 uxore,
593 1064 639 1139 de
669 1065 801 1156 liberis,
827 1065 873 1140 de
902 1067 1167 1143 excedentibus
1322 1062 1325 1069 ’

113 1183 203 1257 caris
228 1182 388 1255 funebris
411 1196 448 1256 et
474 1182 582 1256 tristis
608 1183 757 1272 avulsio,
778 1208 851 1255 non
874 1182 947 1257 sint
968 1184 1035 1258 tibi
1059 1211 1168 1259 scan-

112 1298 194 1373 dala
219 1298 299 1387 ista,
325 1299 388 1372 sed
413 1299 563 1398 proelia;
597 1324 664 1372 nec
689 1298 881 1372 debilitent
906 1313 969 1373 aut
992 1300 1168 1400 frangant

114 1416 356 1490 Christianam
377 1415 499 1505 fidem,
516 1415 578 1489 sed
601 1415 722 1515 potius
745 1415 939 1490 ostendant
961 1416 1000 1489 in
1024 1417 1167 1492 colluc-

112 1534 250 1607 tatione
265 1531 448 1622 virtutem,
465 1559 550 1607 curn
569 1532 834 1605 contemnenda
857 1533 904 1606 sit
924 1532 1042 1606 omnis
1066 1532 1166 1630 inju-
1178 1561 1214 1602 10
1326 1576 1333 1603 .·

113 1649 165 1723 ria
192 1650 368 1721 malorum
395 1647 626 1747 praesentium
654 1647 787 1721 fiducia
816 1647 1017 1722 futurorum
1045 1648 1167 1722 bono-

113 1790 205 1837 rum.
244 1763 327 1835 Nisi
350 1765 569 1863 praecesserit
590 1790 724 1863 pugna,
744 1791 817 1838 non
839 1778 960 1865 potest
983 1792 1061 1839 esse
1085 1765 1165 1842 vic-

112 1879 212 1953 toria.
264 1878 359 1951 Cum
378 1879 485 1952 fuerit
507 1879 544 1950 in
568 1905 700 1978 pugnae
724 1882 976 1979 congressione
998 1881 1163 1969 victoria,

111 2008 200 2068 tune
221 1993 328 2068 datur
344 1993 572 2069 vincentibus
594 2008 630 2068 et
654 2022 794 2069 corona.
847 1995 960 2071 Navis
982 1999 1163 2095 guberna-

111 2123 168 2183 tor
184 2110 222 2183 in
240 2123 456 2211 tempestate
473 2111 681 2202 dinoscitur,
698 2112 734 2185 in
754 2111 829 2186 acie
849 2112 953 2185 miles
975 2115 1160 2212 probatur.
1175 2136 1209 2200 15

111 2227 279 2303 Delicata
289 2229 441 2326 jactatio
458 2243 511 2303 cst
529 2256 613 2303 cum
636 2229 837 2329 periculum
856 2240 1009 2303 nonest.
1061 2229 1162 2304 Con-

112 2344 261 2419 flictatio
295 2347 333 2418 in
367 2345 521 2418 adversis
553 2345 717 2445 probatio
746 2357 801 2418 est
827 2344 980 2419 virtutis.
1039 2345 1163 2420 Arbor

112 2486 193 2557 quae
220 2462 291 2535 alta
317 2460 435 2534 radice
463 2461 613 2536 fundata
638 2474 694 2534 est
718 2460 833 2535 ventis
859 2461 1159 2539 incumbentibus

112 2602 185 2649 non
210 2589 394 2662 movetur;
420 2589 457 2649 et
481 2577 581 2651 navis
601 2604 682 2675 quae
703 2577 787 2650 forti
809 2603 986 2677 compage
1006 2579 1160 2655 solidata

112 2705 166 2765 est
188 2694 352 2792 pulsatur
372 2693 552 2784 fluctibus,
571 2720 639 2767 nec
662 2694 817 2781 foratur3
845 2707 881 2768 et
906 2694 1053 2793 quando
1076 2723 1209 2772 areaso

111 2806 232 2906 fruges
254 2810 350 2897 terit,
367 2821 492 2882 ventos
515 2836 624 2907 grana
645 2809 751 2882 fortia
771 2822 808 2882 et
828 2811 973 2884 robusta
995 2823 1161 2887 contem-

112 2936 217 3012 nunt,
233 2924 355 2996 inanes
373 2925 487 3022 paleae
504 2926 590 2998 flatu
608 2938 774 3023 portante
792 2926 989 3025 rapiuntur.
1041 2928 1104 3002 Sic
1121 2942 1160 3004 et

111 3038 294 3137 apostolus
318 3039 450 3112 Paulus
473 3052 556 3139 post
577 3039 772 3139 naufragia,
795 3053 878 3140 post
900 3042 1050 3141 flagella,
1073 3055 1160 3143 post

111 3154 226 3230 carnis
257 3168 293 3229 et
320 3156 476 3257 corporis
507 3157 621 3229 multa
649 3169 685 3230 et
715 3158 835 3256 gravia
862 3152 1053 3248 tormenta,
1080 3184 1158 3231 non

109 3272 230 3349 vexari
253 3273 315 3346 sed
336 3273 519 3349 emendari
542 3273 689 3347 sedicit
712 3273 879 3365 adversis,
902 3287 944 3348 ut
966 3273 1054 3347 dum
1076 3300 1204 3372 gra-25

0 3404 82 3454 xii
110 3389 188 3462 vius
218 3390 394 3489 affligitur,
418 3391 535 3465 verius
563 3391 784 3488 probaretur.
816 3390 945 3464 Datus
972 3401 1026 3464 est
1051 3388 1156 3481 milri,

110 3504 239 3602 inquit,
256 3506 425 3579 stimulus
441 3508 563 3580 cornis
577 3532 672 3596 mere,
685 3506 840 3605 angelus
858 3508 1005 3581 Satanae
1020 3507 1082 3605 qui
1097 3532 1157 3580 me

112 3619 324 3716 colaphizet,
340 3631 384 3693 ut
404 3647 475 3693 non
498 3620 662 3694 extollor.
697 3621 861 3722 Propter
884 3623 980 3722 quod
1000 3634 1058 3697 ter
1073 3621 1155 3694 Do-

110 3735 247 3808 minum
270 3737 402 3835 rogavi
427 3747 469 3809 ut
493 3737 693 3811 discederet
718 3765 741 3811 a
764 3766 831 3825 me,
858 3749 893 3812 et
918 3739 1013 3812 dixit
1036 3736 1153 3810 milri:

110 3849 259 3952 Sufficit
275 3853 341 3924 tibi
360 3853 489 3951 gratia
511 3878 615 3926 meu:
642 3880 727 3928 nam
747 3857 866 3930 virtus
883 3856 922 3928 in
938 3852 1204 3954 irfirrnitatego

104 3965 311 4066 perficitur.
355 3967 510 4050 Quando
535 3995 619 4067 ergo
645 3969 835 4044 infirmitas
862 3984 898 4043 et
923 3968 1153 4043 imbecillitas

109 4096 146 4156 et
165 4084 311 4157 vastitas
332 4084 451 4181 aliqua
473 4099 664 4183 grassatur,
681 4099 769 4161 tunc
792 4087 902 4159 virtus
930 4099 1050 4160 nostra
1072 4111 1154 4184 per-

109 4199 239 4289 ficitur,
267 4213 354 4273 tunc
379 4199 478 4290 fides,
507 4201 535 4273 si
561 4214 699 4277 tentata
722 4201 926 4301 perstiterit,
952 4216 1152 4291 coronatur,
