2768 4844
194 367 260 432 178
350 314 353 319 ·
525 363 904 427 ANNOTATIONES

240 539 276 601 P.
291 554 361 598 110.
379 533 400 598 l.
412 537 463 602 26.
479 534 623 600 mulieres
632 553 740 600 vocare
755 550 820 599 tam
833 535 976 612 feminas,
985 534 1017 598 id
1030 549 1077 598 est
1085 542 1238 617 γυναῖκας,

196 646 290 710 quam
307 625 439 708 θηλείας]
460 624 563 696 anm
571 624 731 708 seminus,
746 622 779 685 id
794 635 850 700 est,
866 622 971 708 potius
985 644 1080 708 quam
1097 620 1236 685 feminas.

196 712 257 774 Est
276 707 400 793 elegans
418 707 449 771 in
470 708 610 772 Hebraeo
625 730 764 773 sermone
779 707 902 772 dicendi
916 707 1064 784 formula,
1079 721 1111 771 et
1124 709 1191 772 aliis
1205 710 1238 770 in

196 794 270 860 locis
283 819 303 860 a
319 793 516 859 Tertulliano
531 817 588 858 usu
629 809 691 858 ata.
715 796 919 859 Musarum.
956 794 1090 859 Videtur
1104 794 1152 858 vir
1166 796 1239 859 doc-

197 881 332 947 tissimus
358 880 407 945 vel
431 880 553 968 legisse,
576 905 614 945 ve
651 881 752 980 legere
777 880 922 960 voluisse,
951 903 1046 968 qnorn
1073 903 1132 967 pro
1161 891 1237 946 tunt.

197 971 291 1033 Certe
311 968 343 1032 in
363 966 566 1056 scriptoribus
585 969 716 1040 Graecrs,
734 990 906 1054 eorumque
925 967 1143 1046 imitatoribus,
1167 967 1238 1066 plu-

196 1055 275 1119 rima
288 1053 431 1142 exempla
452 1054 549 1142 hujus
570 1052 716 1117 idiotismi
738 1068 855 1118 extant.
887 1055 935 1117 At
949 1054 1071 1119 diversa
1085 1055 1236 1132 nonnihil,

195 1140 282 1205 haud
304 1154 407 1205 tamen
426 1140 476 1205 his
494 1139 658 1215 contraria,
676 1140 892 1205 Tertullianus
904 1141 1011 1227 posuit
1027 1142 1058 1205 in
1075 1141 1127 1205 lib.
1143 1143 1238 1206 modo

195 1227 366 1307 nominato,
386 1228 424 1292 de
443 1227 627 1314 Virginibus
647 1228 790 1291 Velcndis
813 1251 849 1292 ca
874 1275 882 1290 .
897 1244 929 1313 5.
961 1229 1050 1292 Nam
1068 1238 1098 1292 et
1119 1229 1238 1308 Graeci,

196 1317 251 1401 qni
273 1317 381 1402 nugis
403 1315 550 1378 vmubnlo
571 1315 714 1378 mulieris
730 1251 896 1398 (muneris)
912 1316 948 1377 in
971 1338 1068 1379 uxore
1090 1323 1237 1395 ntnntnr,

195 1401 265 1465 alie
279 1402 393 1466 liabent
405 1401 704 1488 propriovoeubrdo
718 1402 838 1465 neoris.
855 1423 923 1487 cap.
935 1416 966 1486 5.
1005 1401 1119 1465 Itidem
1135 1401 1166 1464 in
1182 1401 1237 1466 lib.

195 1482 234 1550 de
248 1484 469 1577 Monogamic.
492 1487 594 1550 Penes
604 1488 729 1552 Grecos
743 1489 898 1552 communi
913 1488 1059 1551 uocabulo
1073 1497 1239 1552 censentur

195 1575 343 1638 mulieres
357 1583 387 1638 et
400 1595 523 1637 uxores.
540 1596 609 1671 cap.
623 1574 651 1635 8.

239 1659 324 1725 lbid.
340 1659 360 1723 l.
398 1681 426 1723 1.
449 1657 655 1747 contingitur]
673 1659 803 1746 Corrige
817 1661 1003 1724 continetur.

240 1747 278 1811 P.
296 1679 404 1824 ml.
417 1766 449 1831 3.
472 1744 551 1809 sicut
571 1769 627 1809 nec
643 1745 690 1808 vir
707 1769 763 1809 nec
778 1745 916 1833 velandi]
936 1748 1070 1832 Propter
1083 1746 1177 1810 verba
1191 1770 1237 1809 se-

195 1833 325 1919 quentia
344 1830 513 1919 legendum
532 1831 668 1912 videtur,
687 1834 770 1896 sient
790 1853 845 1895 nec
867 1834 930 1910 uir,
949 1854 1005 1897 nee
1027 1833 1162 1912 investis,
1184 1855 1235 1896 oe-

186 1919 296 1983 tandi.

239 2004 322 2070 Ibid.
345 2004 367 2070 l.
388 2025 435 2091 15.
458 2018 490 2069 et
513 2002 682 2091 virginitati
703 2002 867 2067 defunctas
888 2004 1156 2104 concupiscentiae]
1178 2005 1237 2070 Ait

196 2091 404 2168 Muratorius,
415 2091 466 2155 hic
480 2090 537 2155 sibi
553 2091 683 2154 verbum
697 2089 823 2177 aliquod
835 2089 1003 2155 desiderari
1014 2092 1123 2167 videri,
1134 2093 1238 2180 cujus-

195 2178 280 2242 modi
304 2192 383 2242 esset
407 2181 501 2266 ignes
522 2179 670 2253 enodare,
692 2193 748 2241 aut
770 2177 848 2262 quid
870 2176 977 2241 simile.
1024 2179 1085 2243 Sed
1108 2180 1238 2243 fortasse

194 2263 374 2351 legendum,
398 2274 428 2328 et
450 2263 628 2351 virginitate
650 2265 816 2349 dfitnetne
839 2267 1095 2351 concupiscentie
1118 2266 1237 2330 fuisse?

194 2352 239 2415 M
284 2375 323 2416 no
337 2351 580 2437 desideriofnit,
594 2350 626 2414 id
644 2349 870 2415 Terentianum
884 2366 939 2414 est.

236 2374 322 2504 liid.
338 2438 360 2502 l.
380 2440 429 2502 18.
453 2437 540 2525 quod
557 2460 618 2501 non
639 2436 774 2523 virgines
793 2436 872 2500 solas
889 2436 1114 2523 concupierint]
1134 2440 1238 2504 Parti-

193 2524 264 2588 cula
278 2547 352 2603 non,
369 2540 405 2589 ut
420 2538 503 2589 recte
518 2524 627 2589 statuit
645 2523 853 2599 Muratorins,
870 2522 1002 2587 delenda
1017 2524 1067 2588 hic
1082 2541 1136 2588 est.
1173 2528 1237 2592 At-

194 2627 298 2675 tamen
314 2611 373 2675 sub
382 2612 534 2698 filiarum
555 2612 715 2675 iorninnrn
734 2609 826 2675 titulo
840 2610 1060 2696 comprehendi
1075 2636 1094 2675 a
1110 2615 1239 2677 Tertul-

192 2696 276 2762 liano
289 2697 410 2776 viduas‚
425 2698 519 2761 verba
534 2720 606 2761 mox
622 2697 783 2796 sequentia
797 2697 975 2761 ostendunt.
1014 2697 1118 2763 Aliter
1131 2715 1236 2764 autem

194 2805 258 2847 rem
275 2784 384 2848 statuit
397 2798 506 2847 auctor
519 2784 585 2870 ipse
604 2784 635 2847 in
656 2783 736 2847 libro
750 2785 788 2846 de
808 2785 995 2870 Virginibus
1016 2786 1159 2849 Veiandis
1168 2787 1236 2871 jam

194 2893 276 2957 soepe
295 2868 399 2947 allato,
419 2869 474 2933 ubi
492 2870 547 2946 ait,
561 2893 631 2933 cnm
650 2892 729 2958 ergo
747 2869 831 2933 filius
850 2869 1010 2935 hominurn
1030 2875 1117 2947 dicit,
1133 2878 1237 2937 moni·

179 2958 271 3039 fiete
293 2958 437 3044 virgines
453 2957 629 3043 portendit,
651 2980 721 3044 quse
737 2958 840 3020 adim
859 2959 947 3043 apud
965 2969 1116 3046 parentes
1137 2961 1235 3047 depu-

193 3051 350 3106 tarentnr.
366 3065 434 3129 cap.
448 3058 478 3125 7.
1210 3047 1214 3064 “

238 3128 322 3193 Ibid.
339 3127 359 3193 l.
373 3145 422 3215 25.
447 3130 561 3216 Itaque
576 3131 698 3214 vacant]
719 3129 772 3192 Ita
785 3128 860 3215 quia
875 3141 1000 3209 vocant,
1016 3130 1235 3218 corrigendum

193 3228 251 3293 est,
265 3231 301 3281 ut
317 3239 423 3303 supra,
439 3238 472 3303 p.
490 3235 559 3278 110.
576 3215 598 3278 l.
613 3217 641 3278 8.

236 3304 274 3366 P.
295 3322 364 3368 112.
391 3302 412 3367 l.
432 3321 464 3388 5.
493 3301 666 3389 virginibus
691 3325 818 3389 quoque
843 3303 982 3391 injiciens
1007 3303 1230 3390 velamentum]

193 3391 275 3454 Haec
288 3412 359 3453 cum
376 3388 587 3477 superioribus
601 3388 760 3476 conjunxi,
779 3406 949 3478 contraque
963 3391 1093 3454 verbum
1112 3413 1237 3455 ercense-

193 3484 248 3539 tnr
263 3498 333 3540 cum
354 3474 575 3562 sequentibus;
599 3476 656 3540 etsi
678 3475 766 3540 aliter
785 3477 953 3564 dispositus
971 3477 1021 3540 hic
1039 3476 1126 3541 locus
1141 3493 1187 3541 est
1203 3478 1234 3540 in

192 3560 283 3626 editt.
300 3561 519 3627 Muratoriana
531 3576 627 3648 atque
642 3562 785 3627 Halensi.

236 3647 320 3712 Ibid.
340 3647 360 3711 l.
377 3670 408 3734 9.
431 3650 614 3733 texuerunt]
636 3650 687 3714 Sic
702 3652 778 3714 MS.
807 3647 935 3714 Mavult
952 3649 1148 3713 Muratorius
1164 3660 1234 3714 tece-

192 3744 296 3799 erunt.

236 3819 322 3885 Ibid.
345 3820 366 3885 l.
391 3841 441 3884 10.
472 3821 552 3885 sicut
575 3835 707 3900 naturae,
729 3822 774 3887 ita
797 3835 829 3886 et
850 3822 1019 3910 disciplinae
1041 3822 1135 3886 debet
1159 3837 1235 3888 aetas

192 3930 258 3972 esse
279 3907 439 3992 munifica]
457 3910 512 3971 An
532 3907 729 3973 scribendum
744 3912 863 3973 nntnrd
877 3925 909 3974 ct
922 3910 1116 3996 disciplini?
1139 3910 1234 3988 Quod

191 3993 233 4057 ad
247 4017 354 4059 vocem
369 3996 519 4080 munifica
533 3994 655 4076 attinet,
671 3996 813 4060 Isidorus
826 3995 880 4060 lib.
898 3997 945 4060 X.
964 3999 1058 4084 orig.
1074 4020 1094 4059 a
1109 3997 1234 4061 Porcel-

136 4141 139 4146 .
191 4080 256 4145 lino
269 4080 300 4144 in
316 4082 504 4145 Latinitatis
515 4082 631 4146 Lenito
644 4083 800 4148 adductus
814 4081 846 4145 in
861 4105 892 4146 v.
903 4084 1091 4170 Munifiene,
1106 4084 1165 4148 hoc
1179 4084 1234 4147 ha-

192 4167 256 4232 bet.
280 4169 460 4254 Mnnificne
473 4169 577 4233 dietus
591 4177 648 4246 eat,
663 4172 739 4257 qnia
753 4191 886 4233 munera
900 4171 1000 4235 innita
1015 4171 1082 4245 dat,
1095 4172 1145 4234 vel
1157 4173 1234 4257 qnia

191 4277 309 4319 manans
320 4275 425 4330 auum,
439 4255 475 4318 id
489 4264 535 4321 eet
548 4256 693 4342 efficium,
708 4257 790 4344 qnod
802 4255 897 4332 debet,
912 4258 1072 4344 adimplet.
1100 4257 1234 4321 Videtur

192 4363 268 4428 ergo
285 4339 473 4409 Tertulliani
495 4340 581 4407 locus
597 4342 656 4407 hoc
678 4342 870 4429 significare;
894 4357 931 4408 ut
950 4343 1020 4430 lege
1042 4358 1172 4423 naturae,
1189 4344 1234 4409 ita
