2768 4844
142 331 205 395 ale
486 331 854 397 ANNOTATIONES

142 502 215 566 dam
231 523 294 564 esse
307 503 463 586 propmrit.
502 502 668 580 Quomodo
683 526 757 567 vcro
773 503 832 566 boc
851 502 1009 589 collegerit
1028 504 1133 568 Ebion
1151 528 1192 569 ex

142 588 255 665 verbis,
271 611 344 674 quae
362 588 575 665 adducuntur,
591 588 752 675 scripturae
775 612 879 666 sacrae,
898 590 1113 676 ambegissem,
1130 591 1193 654 nisi

143 673 357 762 suppeditaret
378 675 464 739 istaec
488 675 639 738 indiculus
661 675 835 737 Haeresium
858 678 891 740 S.
909 676 1105 764 Hieronymo
1128 678 1190 740 ad·

141 761 284 848 scriptus.
311 763 487 843 Carpocras,
503 761 670 837 Cerintbm,
687 771 716 824 et
731 761 860 824 Hebion.
897 763 941 824 Hi
962 772 1022 826 tres
1042 764 1101 827 sibi
1121 785 1191 826 sue-

140 858 303 928 cesserrmt,
328 849 468 911 docentes
493 847 594 910 omnia
614 848 776 910 secuudum
798 847 905 933 legem,
929 849 1110 926 circumcidi,
1133 850 1190 913 ob-

138 955 258 998 seruare
276 935 415 1011 sabbata,
431 944 461 996 et
481 933 545 996 dics
558 931 659 1012 festos
673 932 838 1010 Judaicos,·
861 934 997 998 Christus
1019 936 1098 998 enim
1120 937 1192 999 baee

139 1021 240 1083 munia
262 1020 439 1084 observavit.
478 1017 622 1104 Stffcere
643 1019 774 1082 dicentes
794 1020 840 1082 ita
860 1041 924 1084 esse
943 1022 1095 1085 doctorem
1111 1021 1189 1103 (for.

139 1108 275 1189 doctum)
290 1116 324 1168 ut
339 1106 529 1190 umgistrum.
555 1106 668 1186 (Matt.
684 1127 716 1168 x.
733 1108 801 1188 25.)

183 1191 222 1254 P.
239 1194 310 1277 163.
326 1192 346 1254 l.
358 1212 388 1275 9.
413 1189 650 1275 circumcidens]
670 1190 776 1276 Vulgo
795 1191 1026 1271 circumducens,
1044 1192 1094 1257 cui
1113 1193 1189 1279 qui·

139 1276 211 1340 dem
226 1277 360 1355 lectioni,
378 1277 457 1340 sicut
472 1275 560 1340 alteri
576 1277 800 1353 circumdicens,
817 1276 942 1362 praetuli
957 1301 1016 1363 ego
1031 1279 1188 1342 cirutmci

139 1365 222 1440 dens,
237 1363 322 1450 quod
344 1377 380 1427 ut
400 1362 491 1426 lectio
511 1362 634 1426 varians
651 1362 691 1425 ad
712 1385 811 1448 marg.
828 1362 901 1427 edit.
922 1362 1070 1450 principis
1087 1378 1188 1443 extat,

139 1448 169 1511 in
193 1472 258 1534 qua
279 1450 491 1514 eircrimdicens
512 1447 637 1537 legitur.
681 1450 908 1513 Circumducere
926 1448 996 1513 vult
1017 1450 1188 1515 rescribere

139 1535 295 1599 Latinius.

184 1620 269 1684 Ibid.
289 1619 311 1682 l.
330 1641 377 1704 13.
401 1621 520 1707 semen]
546 1621 642 1706 Legit
665 1619 832 1684 Ciaoonius
854 1620 1035 1707 processisse
1056 1631 1189 1684 mentem

139 1717 170 1769 et
190 1708 358 1784 veritatem,
379 1720 491 1791 argute
512 1707 677 1792 conjiciens
698 1729 804 1769 vocem
827 1727 926 1769 semen
952 1730 991 1769 ex
1017 1707 1078 1769 fine
1102 1707 1188 1771 vocis

138 1792 343 1878 praecedentis
366 1806 398 1854 et
425 1790 577 1878 principio
603 1791 760 1877 sequentis
786 1793 894 1854 inscite
918 1792 1082 1856 conflatam
1107 1815 1186 1870 esse,

138 1891 234 1964 atque
254 1877 334 1941 banc
353 1877 563 1962 conjecturam
581 1899 642 1941 non
659 1900 785 1964 possum
801 1877 877 1962 quin
892 1878 1032 1963 probem.
1057 1881 1080 1941 J
1083 1901 1187 1944 ouius

139 1963 275 2028 adsentit
296 1962 462 2026 Semlerus.
507 1964 556 2027 At
571 1987 645 2027 vero
659 1986 765 2027 vocem
787 1984 887 2026 semen
905 1963 1103 2027 retinendum
1125 1964 1188 2030 hoc

139 2049 207 2113 loco
226 2073 303 2126 esse,
318 2049 431 2135 cuique
450 2048 570 2135 patebit
592 2049 825 2114 Tertullianum
855 2049 902 2112 ins
925 2049 1029 2114 icienti
1050 2051 1082 2113 in
1104 2050 1188 2115 libro

139 2138 232 2200 Ades.
251 2136 476 2199 Valentinianos
490 2158 580 2223 capp.
595 2155 624 2218 7.
642 2151 673 2201 et
691 2152 742 2221 25.
763 2135 818 2199 ubi
838 2134 878 2198 de
898 2073 946 2199 bis
966 2135 1058 2224 nugis
1077 2135 1190 2224 dispu-

139 2236 235 2286 tatur.
893 2234 897 2241 “

183 2308 269 2372 Ibid.
289 2307 309 2370 l.
329 2309 378 2371 16.
402 2306 442 2370 de
462 2329 603 2372 sermone
617 2321 724 2373 autem
738 2320 770 2371 et
785 2306 864 2395 vita]
889 2306 1011 2371 Scilicet
1030 2306 1089 2386 his,
1129 2331 1188 2374 uos

140 2393 243 2458 statim
258 2407 331 2458 ante
345 2392 556 2481 appellaverat
574 2395 701 2459 Verbum
717 2404 746 2457 et
760 2393 866 2470 uitam,
882 2395 984 2475 Λόγον
1000 2394 1048 2457 καὶ
1061 2403 1146 2473 (ona.

183 2480 267 2544 Ibid.
290 2480 311 2544 l.
328 2499 378 2565 23.
401 2479 432 2542 in
457 2479 677 2566 defectionem]
703 2482 849 2543 Fortasse
872 2479 933 2556 bic,
957 2493 988 2542 ct
1010 2494 1129 2565 postea,
1153 2481 1188 2544 iu

138 2564 305 2647 defectione
326 2565 504 2652 legendum,
522 2582 618 2653 prout
639 2568 671 2630 in
694 2565 767 2630 edd.
781 2564 902 2650 aliquot
922 2566 1078 2630 scribitur.
1115 2568 1189 2630 Cae-

139 2666 242 2716 terum
269 2653 313 2715 ait
339 2652 555 2717 Tertullianus
573 2654 668 2716 Ades.
697 2653 920 2715 Valentinianos
948 2672 1087 2737 capro.
1112 2653 1186 2715 Hu-

131 2740 189 2823 jus
205 2737 318 2820 (Hori)
332 2740 502 2819 proedicant
515 2760 606 2820 opera
625 2749 654 2801 et
671 2759 838 2820 repressam
858 2739 897 2800 ab
915 2737 1047 2811 inlicitis,
1064 2746 1093 2799 et
1112 2760 1188 2818 pur-

43 2904 45 2908 ,
138 2833 245 2908 getam
261 2845 281 2885 a
295 2824 394 2899 malis,
410 2835 440 2887 et
462 2825 599 2905 deinceps
617 2827 826 2910 corfirmatam
843 2823 989 2904 Sopbiam
998 2849 1011 2901 ,·
1034 2832 1063 2886 et
1077 2826 1186 2909 conju·

138 2910 192 2993 gio
211 2909 393 2986 restitutam,
409 2919 438 2972 et
458 2911 557 2991 ipsam
572 2910 691 2992 quidem
711 2909 744 2971 in
765 2909 939 2990 pleromatis
957 2930 1044 2971 censu
1063 2931 1186 2974 reman-

139 2995 224 3057 sisse.
257 2995 455 3078 Enthymesin
478 3017 547 3059 oero
569 3001 672 3079 (qaam
693 3005 723 3057 et
747 2993 924 3058 Achamoth
947 3004 1067 3072 vocant,
1088 2996 1188 3059 verba

141 3079 254 3143 Irenaei
277 3094 351 3143 sunt
372 3078 426 3144 lib.
443 3082 472 3143 Ι.
491 3079 558 3143 init.
581 3103 648 3167 cap.
664 3100 697 3160 4.
720 3103 857 3165 quocum
881 3080 1033 3144 consentit
1056 3081 1188 3144 Tertul-

140 3166 242 3230 lianus
257 3189 323 3252 cap.
340 3186 388 3247 14.
405 3181 436 3230 et
454 3166 541 3248 alibi)
560 3167 626 3252 ejus
646 3176 674 3229 et
692 3165 779 3229 illam
797 3166 991 3247 appendicem
1006 3167 1188 3230 Passionem

140 3254 179 3317 ab
194 3253 281 3316 Horo
295 3253 465 3336 relegatam
479 3262 508 3315 et
524 3253 708 3337 cnimflaam,
726 3262 756 3314 et
770 3261 857 3314 entra
872 3274 939 3315 eum
947 3251 1072 3332 factam
1080 3280 1093 3331 ,·
1115 3274 1186 3316 ma-

140 3340 211 3415 lum,
228 3341 308 3422 qtmd
323 3340 419 3417 aiunt,
426 3337 529 3420 jbras.
552 3339 634 3401 Haec
650 3337 878 3401 Tertullianus.

183 3424 269 3488 Ibid.
284 3424 307 3487 l.
325 3426 376 3489 26.
400 3425 483 3488 dicto
499 3426 579 3497 Jao3
603 3424 662 3487 hoc
675 3423 888 3509 pronuntiatio
902 3423 1052 3510 appellat]
1068 3423 1187 3486 Vocem

138 3512 200 3575 «Ιαο
214 3510 390 3576 nescierunt
405 3509 555 3574 editiones
569 3524 641 3574 ante
656 3509 843 3585 Pamelium‚
859 3509 915 3596 qui
936 3512 1117 3573 Macereum
1137 3532 1184 3572 se·

139 3612 231 3660 cutus
245 3612 302 3673 est,
319 3596 474 3660 Gallicum
499 3596 593 3681 hujus
613 3594 709 3660 libelli
728 3595 940 3682 interpretem,
955 3618 993 3659 cx
1015 3598 1140 3660 Irenaeo
1153 3608 1187 3658 et

138 3681 321 3769 Epiphanio
334 3680 437 3745 locum
452 3682 666 3767 corrigentem.
712 3681 899 3768 Legendum
916 3705 989 3745 vero
1003 3682 1112 3744 missus
1127 3702 1188 3767 pro

137 3769 278 3845 misisset,
297 3768 383 3854 quod
406 3767 522 3831 habent
543 3766 632 3831 editt.
656 3768 870 3832 Rhenanianae
892 3781 923 3831 et
946 3768 1043 3833 Paris.
1063 3765 1188 3854 primus

137 3868 343 3940 proposuerat
358 3853 513 3917 Latinius.
537 3853 592 3916 Ad
609 3854 715 3931 verba,
728 3854 800 3918 Hoc
811 3854 1019 3936 pronunciatio
1034 3852 1186 3940 appellat,

138 3941 268 4004 adnotat
282 3939 459 4012 Pamelius;
484 3948 506 3978 ‘⁶
516 3976 560 3988 -
571 3939 705 4004 Addens
716 3943 897 4024 (Macereus
912 3940 945 4002 in
961 3938 1185 4004 Annotationi-

139 4035 161 4066 “
176 4028 263 4108 bus),
275 4026 346 4090 Hoc
364 4026 571 4108 proutcntiatio
589 4026 735 4108 appellat,
754 4049 790 4090 ac
811 4026 836 4090 si
856 4026 950 4104 dicat,
973 4027 1034 4090 tale
1056 4025 1188 4090 sortitur

139 4120 162 4150 “
177 4135 290 4176 nomen
307 4111 359 4174 ille
379 4111 557 4197 pleromatis
579 4128 693 4192 custos,
712 4111 825 4176 alludit
841 4112 882 4175 ad
898 4113 1187 4177 Heracleouitamm

139 4205 161 4237 “
176 4209 206 4262 et
218 4199 437 4262 Marcosiorum
451 4197 594 4277 haeresin,
607 4221 690 4284 quae,
706 4199 846 4281 (Irenaeo
860 4198 915 4262 lib.
928 4200 957 4263 I.
973 4223 1000 4263 c.
1009 4218 1041 4281 9.
1055 4211 1087 4261 et
1101 4197 1185 4284 Epi-

139 4290 161 4322 “
175 4284 293 4371 phanio
313 4282 389 4347 haer.
405 4303 460 4368 34.
484 4285 630 4367 testibus)
653 4284 711 4348 boc
737 4285 930 4363 adstruebat,
954 4285 1041 4370 quod
1063 4283 1188 4371 primus
