2678 4830
403 325 467 386 DE
493 322 616 386 ZELO
640 323 704 386 ET
728 322 918 385 LIVOllE.
1122 324 1186 388 307

140 497 219 568 fuit.
256 494 355 566 Nam
374 495 457 590 quia
476 494 536 566 ille
554 493 842 566 benedictionem
864 494 972 592 patris
991 505 1187 591 acceperat,

140 613 200 684 hic
226 611 263 682 in
289 610 412 682 odium
441 610 699 709 persecutionis
727 610 865 683 facibus
898 610 1016 681 livoris
1044 609 1185 682 exarsit.

138 728 189 800 Et
206 726 302 824 quod
319 727 459 824 Joseph
483 727 609 799 fratres
632 728 685 798 sui
710 725 959 814 vendiderunt,
977 753 1084 798 causa
1101 748 1279 826 ven-oen...

138 843 246 916 dendi
265 841 310 915 de
327 843 557 916 aerrrulatione
576 842 770 915 descendit.
818 843 1014 939 Postquam
1035 842 1072 915 id
1089 830 1287 941 quodxxm

110 959 207 1048 5sibi
232 960 269 1030 in
293 959 489 1032 visionibus
515 985 725 1058 prosperum
751 959 866 1031 fuerat
890 972 1074 1031 ostensum
1102 959 1188 1031 sim-

137 1075 281 1176 pliciter
297 1089 337 1148 nt
355 1075 523 1148 fratribus
541 1075 650 1148 frater
666 1075 845 1173 exposuit,
862 1076 899 1148 in
920 1074 1090 1148 invidiam
1112 1102 1188 1148 ma·
1207 1059 1209 1062 ,

138 1192 265 1265 livolus
291 1195 434 1264 animus
457 1192 586 1290 erupit.
638 1193 722 1266 Saiil
747 1219 891 1291 quoque
914 1218 975 1264 rex
999 1205 1041 1264 ut
1065 1190 1277 1270 Davidme-
1317 1205 1331 1219 ''

137 1307 283 1398 odisset,
307 1323 347 1382 ut
370 1308 680 1409 persecutionibus
707 1337 801 1408 srepe
828 1309 989 1409 repetitis
1017 1309 1187 1382 innocen·

139 1438 227 1516 tem,
254 1425 533 1511 misericordem,
561 1426 699 1516 mitem,
724 1427 873 1500 lenitate
901 1427 1097 1526 patientem
1126 1452 1187 1498 ne-

94 1568 219 1614 rocarc.
239 1557 395 1642 cuperet,
413 1542 499 1641 quid
527 1541 623 1616 aliud
642 1569 750 1640 quarn
777 1544 843 1615 zeli
869 1543 1035 1616 stimulus
1058 1568 1187 1641 provo-

138 1659 254 1732 cavit?
283 1658 379 1742 Quia
397 1659 544 1732 Goliatb
564 1659 764 1748 interfecte,
782 1672 819 1731 et
835 1687 903 1758 ope
922 1687 962 1732 ac
978 1658 1280 1758 dignationesra-
1297 1714 1298 1718 =
1314 1698 1317 1707 ,

138 1775 259 1848 divina
282 1788 384 1849 tanto
407 1775 661 1862 hostedelet0,
680 1777 834 1875 populns
858 1776 1037 1848 admirans
1056 1775 1092 1847 in
1111 1775 1188 1848 lau-

137 1892 199 1964 des
224 1892 343 1965 David
368 1892 629 1991 praedicationis
654 1892 822 1991 suffragio
847 1893 1012 1992 prosiliit,
1031 1892 1114 1966 Saiil
1141 1891 1187 1964 si·

138 2009 299 2083 multatis
326 2024 434 2107 atque
460 2010 704 2082 insectationis
727 2009 835 2083 furias
860 2010 904 2081 de
925 2010 1035 2082 livore
1059 2037 1186 2083 conce-

91 2152 125 2212 15
139 2125 201 2223 pit.
266 2125 317 2198 Et
346 2152 391 2198 ne
420 2126 571 2225 longum
601 2125 732 2198 faciam
766 2127 926 2224 singulos
957 2126 1186 2216 recensendo,

136 2242 320 2343 pereuntis
339 2242 447 2314 simul
466 2243 590 2341 populi
618 2240 844 2314 attendamus
867 2242 1063 2315 interitum.
1115 2244 1185 2316 Ju-

137 2359 204 2431 daei
229 2385 348 2431 nonne
366 2358 451 2430 inde
468 2358 650 2457 perierunt
667 2355 753 2428 dum
773 2357 919 2429 Christo
938 2359 1077 2433 malunt
1095 2358 1185 2430 invi-

137 2475 219 2546 dere
241 2501 349 2572 quam
375 2474 540 2547 credere?
575 2475 829 2546 Obtrectantes
853 2475 1079 2570 magnalibus
1104 2503 1184 2573 quae

137 2593 198 2664 ille
223 2592 388 2677 faciebat,
417 2592 495 2663 zelo
521 2605 730 2664 excoecante
755 2590 898 2689 decepti
925 2606 1021 2681 sunt,
1046 2619 1113 2665 nec
1139 2594 1182 2667 ad

89 2708 258 2781 20divina
277 2706 456 2782 noscenda
473 2706 589 2779 cordis
608 2707 731 2778 oculos
750 2708 885 2806 aperire
902 2723 1107 2806 potuerunt.

188 2827 259 2898 Ill.
287 2827 378 2909 Quae
402 2851 467 2896 nos
493 2823 771 2909 considerantes,
795 2824 919 2898 fratres
947 2824 1184 2916 dilectissimi,

137 2957 260 3016 contra
284 2956 422 3015 tantam
447 2940 531 3014 mali
558 2939 753 3039 perniciem
780 2940 970 3041 vigilanter
987 2957 1024 3016 et
1046 2943 1185 3017 fortiter

137 3059 253 3133 dicata
272 3058 354 3131 Deo
373 3072 517 3158 pectora
539 3058 756 3131 muniamus.
805 3058 969 3132 Aliorum
990 3087 1086 3132 mors
1104 3088 1184 3159 pro-

136 3177 234 3249 ficiat
252 3176 294 3249 ad
314 3188 471 3248 nostram
492 3175 657 3260 salutern,
671 3174 956 3274 imprudentium
977 3202 1086 3274 poena
1103 3205 1185 3276 pro-

89 3316 124 3376 25
136 3293 341 3365 videntibus
360 3290 521 3364 conferat
538 3290 740 3363 sanitatem.
769 3291 856 3362 Non
874 3303 929 3363 est
947 3305 1066 3365 autem
1087 3295 1183 3391 quod

136 3409 264 3506 aliquis
282 3407 467 3480 existimet
491 3406 632 3478 mulum
658 3405 752 3478 istud
777 3433 849 3478 una
873 3407 991 3505 specie
1009 3409 1183 3481 contineri

136 3539 198 3596 aut
216 3523 383 3596 brevibus
402 3521 564 3594 terminis
579 3535 614 3593 et
633 3537 785 3621 angusto
801 3524 872 3594 fine
887 3522 1065 3596 concludi.
1092 3524 1184 3596 Late

135 3655 235 3737 patet
262 3638 329 3710 zeli
357 3638 549 3737 multiplex
573 3651 610 3709 et
635 3637 806 3711 loecunda
832 3640 1018 3738 pernicies.
1064 3641 1183 3713 Radix
1213 3652 1222 3725 ἒ,

134 3769 189 3826 est
221 3755 398 3828 malorum
429 3755 608 3842 omnium,
635 3756 715 3827 fons
749 3755 920 3843 cladium,
949 3757 1182 3829 seminarium
1214 3768 1221 3849 l

86 3869 359 3960 30delict0rum,
376 3873 526 3944 materia
544 3872 743 3970 culparum.
796 3872 887 3944 Inde
910 3870 1034 3945 odium
1059 3874 1183 3970 surgit,
1223 3876 1235 3977 '3

135 3986 340 4059 animositas
367 3987 451 4059 inde
479 3986 650 4085 procedit.
693 3987 893 4061 Avaritiam
920 3989 1018 4060 zelus
1042 3988 1183 4060 inflam-
1228 3980 1236 4081 '¹

135 4119 220 4192 mat,
247 4103 334 4174 dum
362 4104 441 4201 quis
468 4131 532 4177 suo
560 4130 632 4175 non
659 4117 881 4202 potestesse
908 4117 1110 4194 contentus,
1131 4105 1183 4176 vi·
1224 4165 1227 4201 ἶ

133 4219 221 4290 dens
247 4219 397 4291 alterurn
423 4219 599 4292 ditiorem.
642 4219 892 4293 Ambitionem
916 4223 1013 4294 zelus
1035 4221 1180 4311 excitat,
1223 4230 1229 4323 J.'

628 4355 652 4398 x
669 4353 686 4400 a
