2678 4830
371 311 565 376 CONTRA
588 311 821 376 HAERESIM
845 314 1005 379 NOETI.
1164 314 1207 380 63

140 487 299 590 τρέχει,
328 487 386 563 καὶ
412 483 503 563 κατὰ
525 486 764 566 Οὐαλεντῖνον
791 488 849 565 καὶ
876 483 967 565 κατὰ
994 488 1205 593 Μαρκίωνα,

171 610 388 717 Κηρινθόντε
421 615 480 691 καὶ
510 619 634 693 πᾶσαν
664 610 730 712 τὴν
761 613 899 693 ἐκείνων
927 618 1121 722 φλυαρίαν,
1150 620 1209 696 καὶ

170 740 313 824 ἄκοντες
338 746 386 824 εἷς
410 747 515 820 τοῦτο
538 742 768 844 περιεπεσαν,
787 741 846 821 ἵνα
865 741 928 822 τόν
945 744 1007 823 ἕνα
1024 745 1204 847 ὁμολογή-

169 903 288 949 σωσιν
313 867 424 948 α’ίτιον
448 875 520 948 τῶν
543 867 703 967 πάντων,
730 868 841 955 οὕτως
868 871 930 950 οὖν
953 874 1209 977 συντρέχουσιν

142 999 228 1090 saal
251 997 352 1075 αὐτοὶ
377 992 428 1095 μὴ
454 996 617 1081 θέλοντες
640 1002 685 1102 τῇ
708 998 871 1103 ἀληθείᾳ,
893 998 954 1078 ἕνα
975 997 1070 1080 Θεὸν
1090 1001 1209 1104 λέγειν

168 1123 372 1224 ποιήσαντα
387 1126 436 1208 ὡς
454 1123 643 1225 ἠθέλησεν.
689 1124 808 1209 Οὗτος
825 1124 863 1205 δὲ
879 1125 1008 1206 ἔδωκεν
1026 1127 1133 1228 νόμον
1151 1132 1209 1210 καὶ

168 1248 369 1359 προφήτας·
393 1253 451 1330 καὶ
469 1250 551 1335 δούς
569 1250 627 1330 διὰ
642 1255 710 1349 (for.
725 1249 875 1356 δόματα)
891 1252 1089 1354 πνεύματος
1107 1258 1210 1358 ἁγίου

169 1375 373 1482 ἠνάγκασεν
397 1377 541 1463 τούτους
565 1378 810 1487 φθέγξασθαι,
835 1381 931 1467 ὅπως
957 1387 1020 1481 τῆς
1043 1382 1211 1492 πατρῴας

169 1507 349 1607 δυνάμεως
365 1505 431 1607 τὴν
448 1508 646 1587 ἀποπνοίαν
663 1505 837 1603 λαβόντες
854 1506 920 1609 τὴν
936 1510 1075 1611 βουλὴν
1092 1516 1150 1592 καὶ
1167 1513 1209 1593 τό
1310 1500 1322 1515 ³

125 1634 309 1735 ιοθέλημα
326 1642 389 1714 τοῦ
409 1633 554 1739 Πατρός
572 1637 870 1736 καταγγείλωσιν.

223 1760 287 1859 ιβ’.
329 1764 394 1843 Ἐν
427 1762 563 1849 τούτοις
594 1764 712 1843 τοίνυν
743 1761 1013 1865 πολιτευόμενος
1042 1767 1062 1844 ό
1090 1764 1209 1868 Λόγος

167 1892 364 1998 ἐφθέγγετο
382 1893 463 1995 περὶ
482 1892 621 1989 ἐαυτοῦ,
642 1891 710 1992 ἤδη
732 1890 803 1996 γὰρ
827 1892 931 1979 αὐτὸς
952 1894 1076 1972 ἐαυτοῦ
1096 1896 1212 2003 κῆρυξ

168 2019 321 2120 ἐγένετο,
342 2018 507 2099 δεικνύων
530 2019 712 2119 με’λλοντα
731 2017 852 2121 Λόγον
875 2021 1067 2128 φαίνεσθαι
1085 2024 1123 2100 ε’ν
1141 2026 1204 2102 οἱν-

169 2146 338 2251 θρείνποις,
353 2148 396 2226 δι’
412 2145 456 2246 ἣν
469 2148 583 2226 αἰτίαν
597 2149 706 2232 οὕτως
719 2147 822 2246 ἐβόα,
838 2147 1025 2256 Ἐμφανῆς
1039 2147 1208 2251 ἐγενόμην

125 2282 241 2374 ιςτοῖς
259 2273 320 2375 ἐμὲ
338 2272 389 2375 μὴ
407 2273 587 2378 ζητοῦσιν,
608 2275 751 2379 εὑρέθγν
774 2283 847 2361 τοῖς
868 2274 929 2375 ἐμὲ
950 2274 1001 2376 μὴ
1022 2279 1205 2379 ἐπερωτῶ-

168 2437 242 2482 σιν.
273 2405 339 2488 Τίς
357 2403 400 2482 δέ
412 2406 511 2483 ἐστιν
530 2405 549 2482 ό
568 2401 728 2511 ἐμφανὴς
747 2403 933 2505 γενόμενος
950 2406 1033 2483 ἀλλ’
1049 2402 1072 2504 ἢ
1091 2405 1110 2482 ό
1130 2403 1203 2484 Λό-

168 2566 233 2634 γος
256 2540 320 2612 τοῦ
345 2530 513 2637 Πατρός;
550 2529 591 2611 δν
618 2532 858 2611 ἀποστέλλων
887 2529 1015 2635 Πατὴρ
1039 2533 1208 2613 ἐδείκνυεν

168 2660 368 2766 ἀνθρώποις
397 2658 462 2760 τὴν
490 2661 577 2764 παρ’
607 2662 731 2739 ἑαυτοῦ
761 2659 939 2766 ἐξουσίαν.
988 2661 1115 2746 Οὕτως
1146 2663 1207 2742 οὖν

168 2784 329 2896 ἐμφανὴς
347 2787 483 2889 ἐγένετο
501 2790 521 2867 ό
540 2786 674 2889 Λόγος,
694 2785 809 2872 caede
826 2785 938 2888 λέγει,
963 2789 1204 2896 ἀνακεφαλαι-

167 2981 227 3038 iam
247 2980 408 3039 secundum
424 2981 624 3047 Valentinum,
639 2992 669 3038 et
748 2981 818 3040 XII.
839 2981 875 3037 In
897 2981 943 3039 his
967 2981 1055 3060 igitur
1076 2982 1207 3041 Verbum

169 3062 361 3128 Marcionem,
384 3073 414 3119 et
434 3062 616 3127 cerinthum,
639 3072 669 3119 et
708 3063 886 3128 versabatur,
913 3063 1036 3138 loquens
1067 3063 1104 3120 de
1134 3064 1206 3139 ipso.

169 3162 287 3202 omnem
309 3144 426 3201 illorum
452 3144 666 3222 nugacitatem
707 3143 774 3200 Jam
786 3145 864 3201 euim
873 3144 936 3220 ipse
947 3163 1015 3201 suus
1025 3163 1119 3219 praeco
1131 3156 1205 3211 erat;

170 3235 200 3282 et
218 3225 277 3282 buc
294 3226 427 3282 nolentes
444 3225 620 3290 reciderunt,
634 3235 669 3281 ut
708 3225 936 3299 ostendebatque
947 3223 1076 3280 futmum
1088 3242 1161 3289 esse,
1173 3236 1207 3282 ut

168 3325 258 3363 unam
272 3306 403 3365 omnium
416 3325 533 3364 causam
547 3307 667 3363 confite·
707 3305 838 3363 Verbum
867 3305 899 3361 in
924 3304 1090 3361 bominibus
1118 3323 1205 3380 appa·

170 3399 265 3445 annu.
301 3387 394 3465 Igitur
406 3388 522 3445 veritati
535 3388 668 3444 nolentes
707 3398 794 3444 reret.
837 3386 948 3443 Idcirco
975 3385 1016 3444 sic
1044 3385 1204 3444 clamabat:

168 3468 366 3535 consentiunt,
377 3487 439 3526 esse
452 3469 564 3526 scilicet
577 3488 668 3525 uuum
708 3468 832 3524 tractus
851 3486 909 3523 sum
929 3466 1087 3541 manifestus
1107 3467 1142 3523 iis
1162 3469 1207 3543 qui

168 3549 275 3615 Deum,
300 3550 351 3624 qui
376 3549 446 3607 fecit
472 3550 572 3607 omnia
594 3550 669 3607 sicut
708 3568 758 3606 uon
772 3549 922 3624 querebant
933 3568 993 3616 me,-
1013 3548 1134 3606 inventas
1148 3568 1207 3606 sum

168 3631 272 3688 voluit.
298 3631 355 3689 Hic
368 3643 467 3688 autem
480 3632 561 3690 dedit
573 3631 668 3708 legem
708 3631 742 3686 ab
761 3631 795 3686 iis
813 3631 859 3705 qui
876 3649 927 3686 που
940 3630 1142 3704 ιἰιιειτοραδαιιι
1154 3651 1205 3691 mc.

169 3721 201 3769 et
213 3711 387 3787 propbetas;
409 3724 440 3769 et
457 3713 552 3770 dando
574 3712 669 3790 coligit
708 3711 780 3780 Quis
803 3730 873 3769 vero
900 3723 945 3768 est
969 3711 1018 3786 qui
1044 3710 1138 3769 factus
1163 3725 1207 3771 est

168 3792 223 3850 hos
239 3812 293 3869 per
312 3791 451 3868 Spiritum
472 3793 611 3852 Sanctum
625 3794 667 3849 lo·
708 3791 886 3859 manifestus,
916 3793 972 3850 nisi
994 3792 1125 3850 Verbum
1153 3795 1206 3852 Pa-

170 3874 230 3948 qui,
244 3885 279 3931 ut
293 3875 468 3948 accipientes
483 3875 599 3932 virtutis
617 3893 667 3949 pa·
709 3874 782 3931 tris?
811 3875 978 3949 quodcum
1004 3874 1090 3931 Pater
1116 3875 1204 3942 misit,

169 3965 259 4013 ternae
274 3954 504 4030 inspirationem,
517 3955 669 4013 consilium
709 3966 884 4031 potestatem
905 3975 986 4012 suam
1006 3955 1133 4013 ostendit
1153 3956 1205 4013 bo-

169 4047 201 4093 et
227 4038 410 4095 voluntatem
437 4038 529 4096 Patris
555 4037 670 4095 nuntia-
709 4036 845 4095 minibus.
877 4036 926 4095 Si'c
939 4037 1028 4116 igitur
1039 4036 1147 4094 factum
1162 4046 1207 4092 est

168 4129 244 4174 rent.
710 4117 896 4175 manifestum
913 4118 1053 4183 Verbum,
1071 4117 1146 4174 sicut
1166 4116 1207 4173 ait

576 4255 590 4283 ε
608 4243 671 4292 Esai.
683 4242 731 4291 lxv.
747 4259 767 4291 1.
