2678 4830
492 560 908 644 FIRMILIANI

393 769 552 818 EPISCOPI
570 769 746 818 CAESAREAE
765 770 999 820 CAPPADOCIAE

678 939 717 978 AD

194 1078 460 1144 CYPRIANUM
483 1078 663 1143 CONTRA
687 1079 941 1145 EPISTOLAM
964 1082 1200 1148 STEPHANI.

557 1289 840 1339 *-

146 1504 204 1582 51.
230 1462 604 1577 Finnmmnns
634 1500 819 1601 cypriano
849 1502 947 1575 nata
982 1503 1018 1576 rn
1054 1504 1219 1577 nomino

174 1618 339 1690 salutem.
382 1617 602 1716 Accepimus
627 1643 692 1715 per
717 1617 965 1715 Rogatianum
991 1619 1217 1692 carissimum

173 1748 349 1822 nostrum,
367 1733 558 1806 diaconum
578 1733 716 1806 avobis
740 1734 903 1824 missum,
919 1735 1039 1807 literas
1060 1760 1148 1831 quas
1173 1730 1218 1807 ad

173 1877 238 1922 nos
256 1850 384 1935 fecisti,
402 1851 509 1924 frater
526 1849 769 1939 dilectissime,
784 1864 821 1923 et
837 1852 969 1949 gratias
986 1866 1132 1952 propter
1150 1851 1219 1924 hoc

173 1965 340 2038 Domino
361 1966 539 2038 maximas
564 1965 724 2063 egimus:
752 1967 850 2064 quod
873 1968 1076 2067 contigerit,
1093 1981 1134 2040 ut
1156 1967 1219 2065 qui

130 2109 321 2182 1ocorpore
348 2083 392 2154 ab
419 2081 573 2155 invicem
602 2109 819 2181 separamur,
846 2084 898 2158 sic
927 2083 1055 2183 spiritu
1087 2084 1221 2157 adune-

175 2225 278 2282 mur;
305 2197 407 2295 quasi
430 2224 502 2269 non
528 2223 638 2269 unam
666 2211 808 2270 tantum
836 2199 1018 2297 regionem
1045 2212 1222 2286 tenentes,

176 2314 237 2386 sed
256 2316 294 2386 in
312 2314 388 2412 ipsa
403 2316 532 2410 [atque
552 2311 605 2414 in]
622 2313 747 2386 eadem
767 2314 876 2388 domo
894 2316 1001 2388 simul
1020 2315 1223 2388 inhabitan-

175 2442 239 2501 tes.
292 2428 400 2511 Quod
418 2442 453 2501 et
470 2428 575 2501 decet
592 2428 721 2517 dicere,
738 2430 824 2525 quia
840 2443 877 2503 et
900 2431 1066 2531 spiritalis
1091 2430 1221 2503 domus

176 2545 245 2616 Dei
265 2573 336 2618 una
355 2559 419 2618 est.
463 2544 543 2618 Erit
560 2543 658 2616 enim
676 2543 711 2615 in
732 2544 947 2636 novissimiS,
965 2547 1015 2620 ait
1031 2547 1221 2647 propheta,
1230 2577 1323 2628 Insa

131 2660 302 2746 15diebus
327 2660 537 2733 manifestus
562 2685 666 2730 mons
689 2658 845 2731 Domini
862 2673 899 2732 et
921 2659 1052 2732 domus
1072 2659 1144 2732 Dei
1164 2685 1223 2732 su·

176 2804 240 2875 per
256 2777 405 2850 vertices
429 2776 621 2848 montium.
672 2774 716 2846 In
736 2801 845 2872 quam
865 2774 1118 2848 convenientes
1136 2801 1272 2856 cumn.
1291 2828 1328 2850 ,··

169 2891 400 2986 jucunditate
413 2891 626 2980 adunantur,
644 2889 842 2975 secundum
858 2891 954 2989 quod
972 2889 1063 2963 etin
1081 2891 1222 2991 psalmo

177 3007 245 3078 hoc
272 3006 474 3104 postulatur
498 3033 518 3078 a
540 3006 714 3095 Domino,
733 3006 935 3079 inhabitare
957 3006 996 3078 in
1020 3005 1130 3080 domo
1149 3005 1220 3079 Dei

176 3148 239 3220 per
261 3148 388 3194 omnes
411 3121 487 3194 dies
510 3123 602 3195 vitae.
654 3122 763 3196 Unde
789 3136 826 3195 et
848 3123 885 3193 in
909 3123 980 3193 alio
1003 3122 1083 3194 loco
1107 3120 1223 3193 mani·

130 3271 166 3307 20
177 3239 345 3312 festatum
368 3252 434 3322 est,
451 3265 531 3311 esse.
553 3238 649 3337 apud
673 3252 816 3311 sanctos
841 3262 1008 3335 magnam
1027 3234 1222 3308 voluntatis

175 3354 360 3427 caritatem
393 3352 490 3453 (for.
515 3355 766 3450 alacritatem),
795 3352 832 3424 in
864 3377 979 3424 unum
1012 3351 1222 3440 convenire:

176 3469 284 3559 Ecce,
309 3470 440 3567 inquit,
467 3496 576 3567 quam
604 3471 741 3542 bonum
773 3480 809 3540 et
835 3467 1057 3568 voluptabile
1085 3479 1152 3556 est,
1182 3480 1273 3540 utre.

177 3586 342 3660 habitent
365 3587 489 3660 fratres
514 3588 551 3660 in
574 3613 701 3660 unum.
753 3583 938 3658 Adunatio
963 3583 1061 3656 enim
1088 3596 1125 3656 et
1149 3566 1256 3683 pax''

176 3715 213 3774 et
230 3704 432 3794 concordia,
446 3731 518 3778 non
538 3706 654 3778 solum
673 3700 882 3775 hominibus
900 3699 1067 3773 fidelibus
1086 3713 1122 3772 et
1140 3726 1224 3798 cog-

130 3820 407 3906 25noscentibus
430 3821 629 3906 veritatem,
648 3819 709 3893 sed
734 3832 772 3891 et
794 3817 930 3916 angelis
954 3816 1040 3917 ipsis
1064 3817 1224 3890 coelesti-

178 3933 245 4004 bus
274 3935 496 4034 voluptatem
532 3936 731 4008 maximam
767 3945 936 4034 praestat;
973 3932 1105 4030 quibus
1136 3932 1224 4005 dicit

177 4074 295 4120 sermo
312 4048 467 4138 divinus,
483 4078 560 4123 esse
578 4051 749 4149 gaudium
776 4050 813 4122 in
840 4075 912 4123 uno
933 4061 1121 4149 peccatore
1144 4073 1334 4148 poe-men¹

177 4164 365 4238 nitentiam
401 4181 541 4264 agente,
572 4180 609 4240 et
638 4167 683 4239 ad
714 4166 861 4240 unitatis
892 4165 1076 4239 vinculum
1108 4189 1225 4237 rever-
