2678 4830
362 316 550 382 CONTRA
574 315 807 380 HAERESIM
831 315 990 380 NOETI.¹
1153 319 1196 387 59

159 490 306 596 Πατέρα
334 497 467 593 γνῶναι
499 489 598 596 δύνῃ.
639 487 697 568 διὰ
724 487 797 593 γὰρ
826 493 889 588 τῆς
917 486 1047 573 εἰκόνος
1075 490 1196 589 ὁμοίας

208 607 213 617 ’
1104 616 1114 648 λ

157 617 407 723 τυγχανούσης
425 620 626 720 εύγνωστος
644 618 663 696 ὁ
683 614 810 721 Πατὴρ
828 617 973 718 γίνεται.
1014 623 1059 697 Εἰ
1077 621 1115 697 δε
1132 616 1196 718 τὴν

159 742 291 843 εἰκόνα,
308 746 385 846 ἥτις
402 746 504 825 ἔστιν’
520 747 540 825 ὁ
559 744 646 844 υἱὸς,
667 747 729 825 οὐκ
748 745 872 848 έγνως,
888 752 965 831 πῶς
983 748 1066 825 ἰδεῖν
1084 747 1197 832 θέλεις

159 872 221 954 τὸν
243 875 395 979 Πατέρα·
401 908 413 971 ;
443 873 499 954 ότι
522 876 618 954 ταῦτ’
638 876 748 958 οὕτως
765 874 851 980 ἔχει,
871 872 917 953 τά
933 875 1129 974 ἐπικείμενα
1146 882 1197 985 τῷ

132 1004 345 1110 5κεφαλαίιρ
368 1006 426 1082 καὶ
452 1004 661 1102 ὑποκείμενα
684 1001 848 1101 ἀπολύει,
878 1007 945 1101 (for.
964 1002 1112 1108 ἐπιλύει)
1135 1002 1198 1083 τὸν

158 1133 388 1235 προκείμενον
399 1128 473 1211 υἱὸν
485 1131 757 1230 ἀπεσταλμένον
766 1129 865 1236 παρά
877 1131 1020 1236 Πατρὸς
1033 1135 1091 1211 καὶ
1107 1130 1199 1237 πρὸς

159 1259 296 1362 πατέρα
313 1257 548 1363 πορευόμενον
565 1260 798 1360 σημαίνονται
818 1263 891 1358 (cor.
906 1261 1154 1362 σημαίνοντα).

171 1434 175 1443 ·
214 1384 262 1488 η’.
293 1386 430 1466 Πολλὰ
454 1387 575 1468 δὲκαὶ
600 1388 715 1492 ἕτερα,
736 1394 880 1487 μᾶλλον
905 1385 943 1468 δὲ
963 1386 1082 1468 πάντα
1102 1391 1201 1468 ε’στὶν

160 1522 408 1619 μαρτυροῦντα
430 1520 476 1621 τῇ
501 1516 661 1621 ἀληθείᾳ.
710 1513 890 1616 Ἀνάγκην
909 1517 970 1596 οὖν
988 1516 1059 1622 ἔχει
1076 1519 1134 1596 καὶ
1150 1514 1201 1617 μὴ

116 1643 277 1723 ιοθέλων
308 1644 498 1744 ὁμολογεῖν
526 1642 663 1747 πατέρα
695 1641 789 1723 Θεὸν
824 1642 1108 1750 παντοκράτορα,
1144 1649 1202 1726 καὶ

161 1767 325 1875 Χριστὸν
353 1772 497 1871 Ἰησοῦν
526 1769 601 1850 υἱὸν
633 1776 728 1850 Θεοῦ
756 1768 851 1851 Θεὸν
878 1771 1066 1876 ἄνθρωπον
1095 1772 1199 1874 γενό-

161 1933 284 1998 μενον,
305 1895 335 2006 ᾧ
356 1897 474 1979 πάντα
497 1895 617 2003 πατὴρ
641 1897 792 2005 ὑπέταξε
812 1898 985 2003 παρεκτὸς
1003 1901 1127 1979 ἑαυτοῦ
1145 1904 1203 1981 καὶ

163 2024 373 2126 Πνεύματος
404 2028 521 2128 ἁγίου,
555 2030 614 2107 καὶ
642 2024 786 2110 τούτους
816 2023 902 2107 εἶναι
930 2029 1041 2113 οὕτως
1074 2031 1204 2126 (legebat

163 2155 274 2240 ὅντως
291 2165 464 2259 ursanus)
484 2158 577 2259 τρία.
614 2161 659 2234 Εἰ
677 2152 716 2233 δὲ
733 2153 904 2250 βούλεται
920 2162 1045 2255 μαθεῖν
1062 2163 1140 2240 πῶς
1157 2153 1205 2239 εἷς

119 2322 133 2363 ι
138 2282 257 2380 5Θεδς
282 2284 541 2381 ἀποδείκνυται,
562 2282 767 2385 γινωσκέτω
793 2281 847 2362 ὅτι
868 2284 933 2383 μία
954 2283 1100 2384 δύναμις
1118 2280 1202 2362 τού·

163 2446 242 2519 του,
264 2414 322 2490 καὶ
347 2410 436 2491 ὅσον
460 2408 524 2511 μέν
549 2409 639 2491 κατά
661 2408 727 2511 τὴν
748 2410 910 2510 δύναμιν,
932 2409 979 2495 εἷς
997 2414 1076 2491 ε’στι
1094 2410 1202 2509 Θεὸς,

308 2538 317 2570 λ
418 2537 428 2566 λ
485 2536 495 2563 λ
569 2546 577 2570 ν
695 2540 705 2570 Ι
879 2535 890 2563 λ

165 2537 255 2618 ὅσον
280 2542 319 2618 δε
342 2574 433 2619 κατα
456 2573 521 2638 την
546 2574 761 2639 οικονομιαν,
791 2571 914 2643 τριχης
943 2542 1017 2637 (eor.
1035 2546 1152 2645 τριχῇ)
1181 2539 1205 2639 ἡ

165 2667 345 2774 ἐπίδειξις,
377 2671 425 2752 ὡς
458 2669 607 2773 ὕστερον
640 2665 937 2772 ἀποδειχθήσεται
967 2667 1207 2747 ἀποδιδόντων

165 2796 266 2895 ἡμῶν
283 2799 364 2900 περὶ
382 2798 549 2897 ἀληθείας
566 2794 692 2898 λόγον.
721 2801 845 2875 Ταῦτα
862 2794 927 2895 μέν
945 2796 1022 2894 οὖν,
1038 2800 1203 2905 ἀδελφοὶ,

166 3008 298 3047 noscere.
334 2990 389 3046 Per
409 2989 566 3068 imaginem
588 2990 666 3047 enim
707 2989 949 3065 omnipotentem,
960 3002 990 3048 et
1001 2990 1147 3050 Christum
1156 2991 1206 3049 Je-

168 3090 233 3145 quae
260 3070 361 3128 similis
386 3082 439 3137 est,
464 3083 561 3147 potest
582 3070 667 3129 facile
707 3090 772 3128 sum
786 3071 891 3127 Filium
908 3072 974 3136 Dei,
988 3072 1083 3129 Deum
1098 3071 1207 3130 factum

167 3152 254 3210 Pater
267 3152 414 3230 cognosci.
444 3151 497 3210 Sin
511 3171 580 3210 vero
594 3153 666 3209 ims-
706 3151 865 3218 hominem,
878 3153 926 3209 cui
937 3153 1036 3209 omnia
1045 3154 1131 3210 Pater
1140 3153 1207 3209 sub·

167 3233 276 3310 ginem,
289 3253 353 3308 quae
364 3245 408 3290 est
418 3233 517 3300 Filius,
528 3254 588 3291 non
600 3253 666 3311 cog·
704 3233 776 3310 jecit
803 3245 907 3308 praeter
933 3251 974 3298 se,
1004 3244 1034 3289 et
1068 3231 1209 3308 Spiritum

168 3314 286 3380 novisti,
315 3315 462 3389 quomodo
485 3316 529 3373 vis
553 3315 668 3372 Patrem
709 3313 861 3378 Sanctum,
874 3323 904 3370 et
916 3313 969 3370 hos
984 3331 1047 3370 esse
1057 3331 1126 3370 vere
1140 3324 1208 3371 tres.

168 3395 289 3453 ridere?
318 3395 406 3465 Quod
427 3408 526 3454 sutem
545 3397 607 3453 haec
629 3396 671 3453 its
709 3394 795 3464 Quod
811 3394 835 3450 si
848 3395 912 3451 vult
926 3394 999 3451 scire
1015 3395 1160 3469 quomodo
1174 3414 1208 3452 u-

168 3475 237 3542 sint,
249 3497 313 3552 quae
326 3477 357 3534 in
370 3478 434 3553 ipso
449 3478 544 3554 capite
558 3478 671 3555 adjecta
709 3495 764 3534 nus
788 3475 867 3532 Deus
891 3474 1114 3542 demonstratur,
1138 3476 1211 3534 seint

169 3567 200 3614 et
212 3558 344 3635 subjecta
353 3568 430 3624 sunt,
441 3560 595 3636 explicant,
606 3577 670 3634 quae
709 3576 798 3614 unam
810 3576 872 3614 esse
882 3558 1020 3615 virtutem
1035 3558 1095 3616 sive
1106 3569 1209 3634 poten·

168 3639 343 3716 significant,
358 3639 464 3697 Filium
479 3641 671 3714 propositum
710 3639 781 3696 tiam
795 3638 893 3715 hujus:
909 3651 939 3696 et
950 3650 1091 3714 quantum
1105 3639 1141 3697 ed
1155 3641 1211 3698 vir-

167 3721 277 3776 missum
290 3739 347 3777 esse
364 3740 380 3777 α
394 3718 506 3778 Patreb
521 3733 551 3779 et
564 3723 601 3778 ad
612 3720 670 3778 Ρα-
711 3731 805 3777 tutem
819 3721 954 3794 pertinet,
969 3740 1045 3778 unus
1060 3732 1104 3778 est
1117 3721 1196 3778 Deus
1201 3744 1209 3787 ;

168 3809 239 3857 trem
253 3802 294 3857 ire
302 3811 325 3859 ⁰.
712 3812 853 3878 quantum
885 3820 955 3859 vero
987 3801 1024 3859 sd
1054 3802 1210 3859 incarnati-

209 3881 293 3938 VIII.
315 3883 413 3941 Multa
426 3879 492 3949 alis,
502 3884 592 3940 immo
606 3902 669 3940 om·
711 3902 798 3941 onem
812 3883 948 3957 pertinet,
959 3883 1045 3940 tertia
1059 3893 1102 3940 est
1113 3894 1210 3940 osten-

169 3962 220 4019 nin
231 3963 300 4020 huic
314 3964 432 4022 veritati
448 3965 669 4041 adstipulantur.
711 3965 767 4031 si0;
789 3974 823 4019 ut
840 3965 927 4040 paulo
946 3976 1012 4040 post
1030 3963 1208 4029 docebimus,

168 4043 299 4102 Necesse
321 4064 390 4124 ergo
412 4056 464 4112 est,
486 4058 519 4103 ut
540 4046 672 4122 quamvis
712 4066 779 4104 cum
792 4046 946 4104 reddemus
957 4046 1101 4103 rationem
1111 4044 1148 4101 de
1158 4062 1207 4100 ve-

168 4125 254 4192 nolit,
266 4127 440 4184 confiteatur
452 4128 568 4185 Patrem
578 4128 672 4185 Deum
711 4128 807 4185 ritate.
824 4127 896 4185 Haec
905 4127 1002 4205 igitur,
1012 4126 1122 4191 fratres,
1131 4124 1210 4182 dicta

198 4281 213 4312 α
225 4272 296 4320 Rom.
304 4287 338 4320 ια
349 4283 387 4335 ις.
458 4273 542 4322 bJoh.
552 4287 624 4334 v.3o.
640 4273 690 4320 viii.
702 4271 738 4321 τό.
752 4272 788 4320 18.
797 4274 841 4321 &n
909 4281 921 4310 c
935 4271 1065 4319 ld.xiii.1.
1082 4270 1131 4318 xiv.
1145 4283 1180 4318 ιτ.
