<?xml version="1.0" encoding="UTF-8"?>
<!DOCTYPE html PUBLIC "-//W3C//DTD XHTML 1.0 Transitional//EN"
    "http://www.w3.org/TR/xhtml1/DTD/xhtml1-transitional.dtd">
<html xmlns="http://www.w3.org/1999/xhtml" xml:lang="en" lang="en">
 <head>
  <title>
</title>
<meta http-equiv="Content-Type" content="text/html;charset=utf-8" />
  <meta name='ocr-system' content='tesseract 3.04.00' />
  <meta name='ocr-capabilities' content='ocr_page ocr_carea ocr_par ocr_line ocrx_word'/>
</head>
<body>
  <div class='ocr_page' id='page_1' title='image "./scriptorumeccle00unkngoog_0191.png"; bbox 0 0 2678 4830; ppageno 0'>
   <div class='ocr_carea' id='block_1_1' title="bbox 152 320 864 393">
    <p class='ocr_par' dir='ltr' id='par_1_1' title="bbox 152 320 864 393">
     <span class='ocr_line' id='line_1_1' title="bbox 152 320 864 393; baseline -0.007 -3"><span class='ocrx_word' id='word_1_1' title='bbox 152 326 216 393; x_wconf 82' lang='lat' dir='ltr'>lta</span> <span class='ocrx_word' id='word_1_2' title='bbox 486 320 864 388; x_wconf 84' lang='lat' dir='ltr'>ANNOTATIONES</span> 
     </span>
    </p>
   </div>
   <div class='ocr_carea' id='block_1_2' title="bbox 150 491 1199 2103">
    <p class='ocr_par' dir='ltr' id='par_1_2' title="bbox 152 491 1199 645">
     <span class='ocr_line' id='line_1_2' title="bbox 153 491 1199 579; baseline -0.004 -19"><span class='ocrx_word' id='word_1_3' title='bbox 153 497 304 560; x_wconf 73' lang='lat' dir='ltr'><strong><em>Oratione</em></strong></span> <span class='ocrx_word' id='word_1_4' title='bbox 332 496 503 560; x_wconf 82' lang='lat' dir='ltr'>Donrinica</span> <span class='ocrx_word' id='word_1_5' title='bbox 532 493 671 559; x_wconf 89' lang='lat' dir='ltr'>similiter</span> <span class='ocrx_word' id='word_1_6' title='bbox 705 491 865 579; x_wconf 83' lang='lat' dir='ltr'>inscripto,</span> <span class='ocrx_word' id='word_1_7' title='bbox 896 491 1020 556; x_wconf 89' lang='lat' dir='ltr'>videtur</span> <span class='ocrx_word' id='word_1_8' title='bbox 1057 505 1199 557; x_wconf 89' lang='lat' dir='ltr'>statuen-</span> 
     </span>
     <span class='ocr_line' id='line_1_3' title="bbox 152 582 240 645; baseline -0.011 0"><span class='ocrx_word' id='word_1_9' title='bbox 152 582 240 645; x_wconf 93' lang='lat' dir='ltr'>dum.</span> 
     </span>
    </p>

    <p class='ocr_par' dir='ltr' id='par_1_3' title="bbox 151 663 1199 1438">
     <span class='ocr_line' id='line_1_4' title="bbox 197 663 1198 753; baseline -0.004 -21"><span class='ocrx_word' id='word_1_10' title='bbox 197 670 233 732; x_wconf 93' lang='lat' dir='ltr'>P.</span> <span class='ocrx_word' id='word_1_11' title='bbox 246 682 296 750; x_wconf 90' lang='lat'>97.</span> <span class='ocrx_word' id='word_1_12' title='bbox 313 665 335 728; x_wconf 90' lang='lat' dir='ltr'>l.</span> <span class='ocrx_word' id='word_1_13' title='bbox 349 685 378 729; x_wconf 96' lang='lat'>1.</span> <span class='ocrx_word' id='word_1_14' title='bbox 392 667 501 730; x_wconf 87' lang='lat' dir='ltr'>Sermo</span> <span class='ocrx_word' id='word_1_15' title='bbox 515 665 653 743; x_wconf 91' lang='lat' dir='ltr'>rationis,</span> <span class='ocrx_word' id='word_1_16' title='bbox 665 679 698 729; x_wconf 89' lang='lat' dir='ltr'>et</span> <span class='ocrx_word' id='word_1_17' title='bbox 711 664 791 728; x_wconf 89' lang='lat' dir='ltr'>ratio</span> <span class='ocrx_word' id='word_1_18' title='bbox 803 664 962 741; x_wconf 88' lang='lat' dir='ltr'>sermonis,</span> <span class='ocrx_word' id='word_1_19' title='bbox 977 664 1021 746; x_wconf 92' lang='lat' dir='ltr'>[et</span> <span class='ocrx_word' id='word_1_20' title='bbox 1035 685 1049 726; x_wconf 91' lang='lat' dir='ltr'>s</span> <span class='ocrx_word' id='word_1_21' title='bbox 1073 663 1198 753; x_wconf 77' lang='lat' dir='ltr'>iritusss</span> 
     </span>
     <span class='ocr_line' id='line_1_5' title="bbox 152 747 1199 818; baseline -0.005 1"><span class='ocrx_word' id='word_1_22' title='bbox 152 751 391 818; x_wconf 86' lang='lat' dir='ltr'>Praeclan&#39;ssime</span> <span class='ocrx_word' id='word_1_23' title='bbox 405 750 499 815; x_wconf 88' lang='lat' dir='ltr'>sensit</span> <span class='ocrx_word' id='word_1_24' title='bbox 515 754 549 816; x_wconf 89' lang='lat' dir='ltr'>S.</span> <span class='ocrx_word' id='word_1_25' title='bbox 561 750 750 815; x_wconf 83' lang='lat' dir='ltr'>Ambrosius</span> <span class='ocrx_word' id='word_1_26' title='bbox 768 751 801 813; x_wconf 90' lang='lat' dir='ltr'>in</span> <span class='ocrx_word' id='word_1_27' title='bbox 820 749 876 814; x_wconf 92' lang='lat' dir='ltr'>lib.</span> <span class='ocrx_word' id='word_1_28' title='bbox 891 749 932 814; x_wconf 88' lang='lat' dir='ltr'>de</span> <span class='ocrx_word' id='word_1_29' title='bbox 947 747 1020 813; x_wconf 88' lang='lat' dir='ltr'>Filii</span> <span class='ocrx_word' id='word_1_30' title='bbox 1057 749 1199 814; x_wconf 88' lang='lat' dir='ltr'>ivinitate</span> 
     </span>
     <span class='ocr_line' id='line_1_6' title="bbox 151 835 1199 926; baseline -0.003 -23"><span class='ocrx_word' id='word_1_31' title='bbox 151 862 219 926; x_wconf 86' lang='lat' dir='ltr'>cap.</span> <span class='ocrx_word' id='word_1_32' title='bbox 230 854 273 923; x_wconf 83' lang='lat'>5,</span> <span class='ocrx_word' id='word_1_33' title='bbox 292 838 383 923; x_wconf 88' lang='lat' dir='ltr'>cujus</span> <span class='ocrx_word' id='word_1_34' title='bbox 404 837 500 902; x_wconf 88' lang='lat' dir='ltr'>verba</span> <span class='ocrx_word' id='word_1_35' title='bbox 523 837 696 922; x_wconf 89' lang='lat' dir='ltr'>producere</span> <span class='ocrx_word' id='word_1_36' title='bbox 719 835 875 914; x_wconf 89' lang='lat' dir='ltr'>volumus,</span> <span class='ocrx_word' id='word_1_37' title='bbox 897 850 934 900; x_wconf 90' lang='lat' dir='ltr'>ut</span> <span class='ocrx_word' id='word_1_38' title='bbox 955 847 1070 922; x_wconf 85' lang='lat' dir='ltr'>pateat,</span> <span class='ocrx_word' id='word_1_39' title='bbox 1093 858 1157 899; x_wconf 89' lang='lat' dir='ltr'>non</span> <span class='ocrx_word' id='word_1_40' title='bbox 1178 859 1199 900; x_wconf 92' lang='lat' dir='ltr'>a</span> 
     </span>
     <span class='ocr_line' id='line_1_7' title="bbox 153 920 1197 1008; baseline -0.003 -19"><span class='ocrx_word' id='word_1_41' title='bbox 153 923 351 989; x_wconf 83' lang='lat' dir='ltr'>Tertulliano</span> <span class='ocrx_word' id='word_1_42' title='bbox 366 921 543 1002; x_wconf 82' lang='lat' dir='ltr'><strong>dumtaxat,</strong></span> <span class='ocrx_word' id='word_1_43' title='bbox 558 922 611 986; x_wconf 90' lang='lat' dir='ltr'>sed</span> <span class='ocrx_word' id='word_1_44' title='bbox 632 922 672 987; x_wconf 90' lang='lat' dir='ltr'>ab</span> <span class='ocrx_word' id='word_1_45' title='bbox 691 921 758 985; x_wconf 89' lang='lat' dir='ltr'>aliis</span> <span class='ocrx_word' id='word_1_46' title='bbox 777 944 905 1008; x_wconf 94' lang='lat' dir='ltr'>quoque</span> <span class='ocrx_word' id='word_1_47' title='bbox 926 920 1129 1006; x_wconf 85' lang='lat' dir='ltr'>scriptoribus</span> <span class='ocrx_word' id='word_1_48' title='bbox 1145 945 1197 986; x_wconf 89' lang='lat' dir='ltr'>ec-</span> 
     </span>
     <span class='ocr_line' id='line_1_8' title="bbox 151 1006 1197 1086; baseline -0.003 -11"><span class='ocrx_word' id='word_1_49' title='bbox 151 1008 326 1075; x_wconf 87' lang='lat' dir='ltr'>clesiasticis</span> <span class='ocrx_word' id='word_1_50' title='bbox 344 1021 413 1073; x_wconf 92' lang='lat' dir='ltr'>tum</span> <span class='ocrx_word' id='word_1_51' title='bbox 435 1011 574 1086; x_wconf 89' lang='lat' dir='ltr'>Patrem,</span> <span class='ocrx_word' id='word_1_52' title='bbox 595 1023 662 1072; x_wconf 92' lang='lat' dir='ltr'>tum</span> <span class='ocrx_word' id='word_1_53' title='bbox 686 1006 805 1072; x_wconf 87' lang='lat' dir='ltr'>Filium</span> <span class='ocrx_word' id='word_1_54' title='bbox 827 1006 1004 1071; x_wconf 90' lang='lat' dir='ltr'>nominibus</span> <span class='ocrx_word' id='word_1_55' title='bbox 1025 1007 1125 1086; x_wconf 81' lang='lat' dir='ltr'>Verbi,</span> <span class='ocrx_word' id='word_1_56' title='bbox 1142 1031 1197 1072; x_wconf 88' lang='lat' dir='ltr'>seu</span> 
     </span>
     <span class='ocr_line' id='line_1_9' title="bbox 152 1092 1198 1181; baseline -0.004 -19"><span class='ocrx_word' id='word_1_57' title='bbox 152 1099 298 1173; x_wconf 87' lang='lat' dir='ltr'>rationis,</span> <span class='ocrx_word' id='word_1_58' title='bbox 314 1108 346 1160; x_wconf 89' lang='lat' dir='ltr'>et</span> <span class='ocrx_word' id='word_1_59' title='bbox 360 1096 524 1171; x_wconf 65' lang='lat' dir='ltr'>samaria</span> <span class='ocrx_word' id='word_1_60' title='bbox 539 1117 575 1158; x_wconf 88' lang='lat' dir='ltr'>ac</span> <span class='ocrx_word' id='word_1_61' title='bbox 589 1096 725 1181; x_wconf 87' lang='lat' dir='ltr'>spiritus</span> <span class='ocrx_word' id='word_1_62' title='bbox 739 1092 834 1157; x_wconf 89' lang='lat' dir='ltr'>fuisse</span> <span class='ocrx_word' id='word_1_63' title='bbox 851 1092 1039 1179; x_wconf 88' lang='lat' dir='ltr'>designatos,</span> <span class='ocrx_word' id='word_1_64' title='bbox 1055 1093 1137 1156; x_wconf 86' lang='lat' dir='ltr'>Hoec</span> <span class='ocrx_word' id='word_1_65' title='bbox 1151 1104 1198 1158; x_wconf 88' lang='lat' dir='ltr'>est</span> 
     </span>
     <span class='ocr_line' id='line_1_10' title="bbox 151 1179 1197 1267; baseline -0.002 -22"><span class='ocrx_word' id='word_1_66' title='bbox 151 1192 267 1259; x_wconf 87' lang='lat' dir='ltr'>autem,</span> <span class='ocrx_word' id='word_1_67' title='bbox 282 1179 395 1267; x_wconf 89' lang='lat' dir='ltr'>inquit,</span> <span class='ocrx_word' id='word_1_68' title='bbox 411 1181 549 1245; x_wconf 85' lang='lat' dir='ltr'>nominis</span> <span class='ocrx_word' id='word_1_69' title='bbox 567 1181 663 1258; x_wconf 86' lang='lat' dir='ltr'>ratio,</span> <span class='ocrx_word' id='word_1_70' title='bbox 677 1188 714 1242; x_wconf 91' lang='lat' dir='ltr'>ut</span> <span class='ocrx_word' id='word_1_71' title='bbox 731 1181 767 1242; x_wconf 89' lang='lat' dir='ltr'>in</span> <span class='ocrx_word' id='word_1_72' title='bbox 782 1180 882 1243; x_wconf 89' lang='lat' dir='ltr'>Patre</span> <span class='ocrx_word' id='word_1_73' title='bbox 895 1188 925 1242; x_wconf 91' lang='lat' dir='ltr'>et</span> <span class='ocrx_word' id='word_1_74' title='bbox 939 1179 1026 1242; x_wconf 83' lang='lat' dir='ltr'>Filio</span> <span class='ocrx_word' id='word_1_75' title='bbox 1042 1180 1197 1243; x_wconf 84' lang='lat' dir='ltr'>unitatem</span> 
     </span>
     <span class='ocr_line' id='line_1_11' title="bbox 151 1265 1196 1351; baseline -0.004 -19"><span class='ocrx_word' id='word_1_76' title='bbox 151 1269 337 1332; x_wconf 75' lang='lat' dir='ltr'>aristantioe</span> <span class='ocrx_word' id='word_1_77' title='bbox 357 1267 477 1342; x_wconf 82' lang='lat' dir='ltr'>credas,</span> <span class='ocrx_word' id='word_1_78' title='bbox 497 1267 567 1330; x_wconf 84' lang='lat' dir='ltr'>ticet</span> <span class='ocrx_word' id='word_1_79' title='bbox 587 1287 653 1330; x_wconf 85' lang='lat' dir='ltr'>rem</span> <span class='ocrx_word' id='word_1_80' title='bbox 674 1267 687 1327; x_wconf 89' lang='lat' dir='ltr'>i</span> <span class='ocrx_word' id='word_1_81' title='bbox 709 1287 788 1340; x_wconf 81' lang='lat' dir='ltr'>sara,</span> <span class='ocrx_word' id='word_1_82' title='bbox 805 1287 875 1351; x_wconf 84' lang='lat' dir='ltr'>qnae</span> <span class='ocrx_word' id='word_1_83' title='bbox 892 1273 939 1329; x_wconf 90' lang='lat' dir='ltr'>est</span> <span class='ocrx_word' id='word_1_84' title='bbox 957 1265 1196 1343; x_wconf 83' lang='lat' dir='ltr'>inenarrabilis,</span> 
     </span>
     <span class='ocr_line' id='line_1_12' title="bbox 151 1289 1198 1438; baseline -0.002 -22"><span class='ocrx_word' id='word_1_85' title='bbox 151 1355 190 1417; x_wconf 87' lang='lat' dir='ltr'>de</span> <span class='ocrx_word' id='word_1_86' title='bbox 212 1355 284 1416; x_wconf 87' lang='lat' dir='ltr'>nire</span> <span class='ocrx_word' id='word_1_87' title='bbox 304 1374 368 1416; x_wconf 89' lang='lat' dir='ltr'>non</span> <span class='ocrx_word' id='word_1_88' title='bbox 389 1353 515 1438; x_wconf 81' lang='lat' dir='ltr'>possis:</span> <span class='ocrx_word' id='word_1_89' title='bbox 538 1361 575 1415; x_wconf 90' lang='lat' dir='ltr'>ut</span> <span class='ocrx_word' id='word_1_90' title='bbox 597 1354 665 1416; x_wconf 85' lang='lat' dir='ltr'>sine</span> <span class='ocrx_word' id='word_1_91' title='bbox 685 1289 789 1414; x_wconf 78' lang='lat' dir='ltr'>liemen</span> <span class='ocrx_word' id='word_1_92' title='bbox 811 1351 988 1413; x_wconf 81' lang='lat' dir='ltr'>delumine</span> <span class='ocrx_word' id='word_1_93' title='bbox 1008 1350 1107 1426; x_wconf 72' lang='lat' dir='ltr'>(tuns,</span> <span class='ocrx_word' id='word_1_94' title='bbox 1129 1353 1198 1414; x_wconf 80' lang='lat' dir='ltr'>sine</span> 
     </span>
    </p>

    <p class='ocr_par' dir='ltr' id='par_1_4' title="bbox 150 1436 1198 1782">
     <span class='ocr_line' id='line_1_13' title="bbox 180 1436 1197 1524; baseline -0.004 -21"><span class='ocrx_word' id='word_1_95' title='bbox 180 1440 288 1503; x_wconf 82' lang='lat' dir='ltr'>erbum</span> <span class='ocrx_word' id='word_1_96' title='bbox 302 1439 340 1502; x_wconf 88' lang='lat' dir='ltr'>de</span> <span class='ocrx_word' id='word_1_97' title='bbox 361 1440 465 1515; x_wconf 86' lang='lat' dir='ltr'>Verbo,</span> <span class='ocrx_word' id='word_1_98' title='bbox 476 1439 544 1501; x_wconf 87' lang='lat' dir='ltr'>sive</span> <span class='ocrx_word' id='word_1_99' title='bbox 560 1438 720 1524; x_wconf 84' lang='lat' dir='ltr'>Spiritum</span> <span class='ocrx_word' id='word_1_100' title='bbox 735 1437 773 1500; x_wconf 87' lang='lat' dir='ltr'>de</span> <span class='ocrx_word' id='word_1_101' title='bbox 787 1438 929 1522; x_wconf 76' lang='lat' dir='ltr'>Spiritu,</span> <span class='ocrx_word' id='word_1_102' title='bbox 944 1438 1012 1500; x_wconf 77' lang='lat' dir='ltr'>siue</span> <span class='ocrx_word' id='word_1_103' title='bbox 1021 1436 1197 1499; x_wconf 84' lang='lat' dir='ltr'>Dominum</span> 
     </span>
     <span class='ocr_line' id='line_1_14' title="bbox 151 1523 1198 1610; baseline -0.006 -21"><span class='ocrx_word' id='word_1_104' title='bbox 151 1527 190 1589; x_wconf 86' lang='lat' dir='ltr'>de</span> <span class='ocrx_word' id='word_1_105' title='bbox 203 1526 353 1603; x_wconf 85' lang='lat' dir='ltr'>Domino,</span> <span class='ocrx_word' id='word_1_106' title='bbox 383 1523 574 1610; x_wconf 80' lang='lat' dir='ltr'>uodcuntque</span> <span class='ocrx_word' id='word_1_107' title='bbox 587 1524 625 1586; x_wconf 88' lang='lat' dir='ltr'>de</span> <span class='ocrx_word' id='word_1_108' title='bbox 639 1545 674 1587; x_wconf 90' lang='lat' dir='ltr'>eo</span> <span class='ocrx_word' id='word_1_109' title='bbox 684 1523 817 1598; x_wconf 78' lang='lat' dir='ltr'>diceris,</span> <span class='ocrx_word' id='word_1_110' title='bbox 827 1524 926 1585; x_wconf 89' lang='lat' dir='ltr'>unius</span> <span class='ocrx_word' id='word_1_111' title='bbox 938 1530 1041 1584; x_wconf 85' lang='lat' dir='ltr'>tomen</span> <span class='ocrx_word' id='word_1_112' title='bbox 1052 1524 1198 1584; x_wconf 66' lang='lat' dir='ltr'>essentiae</span> 
     </span>
     <span class='ocr_line' id='line_1_15' title="bbox 154 1604 1193 1675; baseline -0.001 -1"><span class='ocrx_word' id='word_1_113' title='bbox 154 1611 285 1675; x_wconf 85' lang='lat' dir='ltr'>Patrem</span> <span class='ocrx_word' id='word_1_114' title='bbox 308 1618 338 1672; x_wconf 93' lang='lat' dir='ltr'>et</span> <span class='ocrx_word' id='word_1_115' title='bbox 391 1609 482 1672; x_wconf 86' lang='lat' dir='ltr'>ilium</span> <span class='ocrx_word' id='word_1_116' title='bbox 505 1609 626 1673; x_wconf 83' lang='lat' dir='ltr'>credas.</span> <span class='ocrx_word' id='word_1_117' title='bbox 664 1607 745 1672; x_wconf 87' lang='lat' dir='ltr'>Vide</span> <span class='ocrx_word' id='word_1_118' title='bbox 769 1621 802 1671; x_wconf 89' lang='lat' dir='ltr'>et</span> <span class='ocrx_word' id='word_1_119' title='bbox 829 1608 862 1671; x_wconf 88' lang='lat' dir='ltr'>S.</span> <span class='ocrx_word' id='word_1_120' title='bbox 884 1609 1042 1671; x_wconf 86' lang='lat' dir='ltr'>Irenaeum</span> <span class='ocrx_word' id='word_1_121' title='bbox 1065 1604 1119 1669; x_wconf 91' lang='lat' dir='ltr'>lib.</span> <span class='ocrx_word' id='word_1_122' title='bbox 1144 1608 1193 1673; x_wconf 88' lang='lat'>11.</span> 
     </span>
     <span class='ocr_line' id='line_1_16' title="bbox 150 1693 835 1782; baseline -0.004 -23"><span class='ocrx_word' id='word_1_123' title='bbox 150 1718 221 1782; x_wconf 86' lang='lat' dir='ltr'>cap.</span> <span class='ocrx_word' id='word_1_124' title='bbox 233 1695 287 1776; x_wconf 90' lang='lat'>48.</span> <span class='ocrx_word' id='word_1_125' title='bbox 326 1696 407 1758; x_wconf 85' lang='lat' dir='ltr'>Haec</span> <span class='ocrx_word' id='word_1_126' title='bbox 422 1693 577 1758; x_wconf 82' lang='lat' dir='ltr'>lateralia</span> <span class='ocrx_word' id='word_1_127' title='bbox 591 1695 835 1758; x_wconf 76' lang='lat' dir='ltr'>Munaroams.</span> 
     </span>
    </p>

    <p class='ocr_par' dir='ltr' id='par_1_5' title="bbox 150 1776 1196 2103">
     <span class='ocr_line' id='line_1_17' title="bbox 196 1776 1196 1868; baseline -0.002 -24"><span class='ocrx_word' id='word_1_128' title='bbox 196 1779 316 1845; x_wconf 86' lang='lat' dir='ltr'>1bid.l.</span> <span class='ocrx_word' id='word_1_129' title='bbox 333 1798 362 1847; x_wconf 84' lang='lat'>2·</span> <span class='ocrx_word' id='word_1_130' title='bbox 388 1777 435 1864; x_wconf 87' lang='lat' dir='ltr'>[et</span> <span class='ocrx_word' id='word_1_131' title='bbox 449 1779 603 1868; x_wconf 68' lang='lat' dir='ltr'>spiritus]</span> <span class='ocrx_word' id='word_1_132' title='bbox 619 1793 790 1867; x_wconf 89' lang='lat' dir='ltr'>utrumque</span> <span class='ocrx_word' id='word_1_133' title='bbox 801 1780 894 1845; x_wconf 86' lang='lat' dir='ltr'>Jesus</span> <span class='ocrx_word' id='word_1_134' title='bbox 908 1776 1065 1863; x_wconf 81' lang='lat' dir='ltr'>Christus]</span> <span class='ocrx_word' id='word_1_135' title='bbox 1084 1780 1196 1856; x_wconf 90' lang='lat' dir='ltr'>Voces,</span> 
     </span>
     <span class='ocr_line' id='line_1_18' title="bbox 150 1865 1196 1953; baseline -0.003 -21"><span class='ocrx_word' id='word_1_136' title='bbox 150 1875 181 1932; x_wconf 89' lang='lat' dir='ltr'>et</span> <span class='ocrx_word' id='word_1_137' title='bbox 194 1868 329 1953; x_wconf 74' lang='lat' dir='ltr'>spiritur</span> <span class='ocrx_word' id='word_1_138' title='bbox 339 1888 410 1929; x_wconf 91' lang='lat' dir='ltr'>cum</span> <span class='ocrx_word' id='word_1_139' title='bbox 423 1865 635 1952; x_wconf 90' lang='lat' dir='ltr'>sequentibus,</span> <span class='ocrx_word' id='word_1_140' title='bbox 643 1875 812 1953; x_wconf 86' lang='lat' dir='ltr'>utrumque</span> <span class='ocrx_word' id='word_1_141' title='bbox 825 1866 921 1930; x_wconf 80' lang='lat' dir='ltr'>Jesus</span> <span class='ocrx_word' id='word_1_142' title='bbox 933 1865 1196 1952; x_wconf 69' lang='lat' dir='ltr'>Christusjunxit</span> 
     </span>
     <span class='ocr_line' id='line_1_19' title="bbox 152 1950 1196 2040; baseline -0.003 -23"><span class='ocrx_word' id='word_1_143' title='bbox 152 1951 322 2040; x_wconf 86' lang='lat' dir='ltr'>Rigaltius.</span> <span class='ocrx_word' id='word_1_144' title='bbox 368 1951 488 2014; x_wconf 90' lang='lat' dir='ltr'>Leuius</span> <span class='ocrx_word' id='word_1_145' title='bbox 509 1950 651 2016; x_wconf 85' lang='lat' dir='ltr'>distinxit</span> <span class='ocrx_word' id='word_1_146' title='bbox 695 1963 743 2016; x_wconf 89' lang='lat' dir='ltr'>ost</span> <span class='ocrx_word' id='word_1_147' title='bbox 765 1973 873 2015; x_wconf 90' lang='lat' dir='ltr'>vocem</span> <span class='ocrx_word' id='word_1_148' title='bbox 894 1952 1030 2037; x_wconf 83' lang='lat' dir='ltr'>spiritus</span> <span class='ocrx_word' id='word_1_149' title='bbox 1051 1951 1196 2014; x_wconf 72' lang='lat' dir='ltr'>Murato</span> 
     </span>
     <span class='ocr_line' id='line_1_20' title="bbox 151 1975 1196 2103; baseline -0.001 -1"><span class='ocrx_word' id='word_1_150' title='bbox 151 2039 229 2102; x_wconf 85' lang='lat' dir='ltr'>n&#39;us.</span> <span class='ocrx_word' id='word_1_151' title='bbox 275 2038 404 2103; x_wconf 83' lang='lat' dir='ltr'>Plenam</span> <span class='ocrx_word' id='word_1_152' title='bbox 419 2036 650 2101; x_wconf 89' lang='lat' dir='ltr'>distinctionem</span> <span class='ocrx_word' id='word_1_153' title='bbox 668 1975 785 2101; x_wconf 58' lang='lat' dir='ltr'>iabent</span> <span class='ocrx_word' id='word_1_154' title='bbox 804 2036 930 2100; x_wconf 90' lang='lat' dir='ltr'>affixam</span> <span class='ocrx_word' id='word_1_155' title='bbox 951 2035 1101 2099; x_wconf 91' lang='lat' dir='ltr'>editiones</span> <span class='ocrx_word' id='word_1_156' title='bbox 1122 2051 1196 2101; x_wconf 89' lang='lat' dir='ltr'>ante</span> 
     </span>
    </p>
   </div>
   <div class='ocr_carea' id='block_1_3' title="bbox 150 2121 1195 2360">
    <p class='ocr_par' dir='ltr' id='par_1_6' title="bbox 150 2121 1195 2360">
     <span class='ocr_line' id='line_1_21' title="bbox 152 2121 1195 2211; baseline -0.003 -22"><span class='ocrx_word' id='word_1_157' title='bbox 152 2123 340 2211; x_wconf 84' lang='lat' dir='ltr'>Rigaltium.</span> <span class='ocrx_word' id='word_1_158' title='bbox 370 2122 522 2187; x_wconf 89' lang='lat' dir='ltr'>Conferas</span> <span class='ocrx_word' id='word_1_159' title='bbox 537 2123 631 2187; x_wconf 90' lang='lat' dir='ltr'>verba</span> <span class='ocrx_word' id='word_1_160' title='bbox 648 2146 721 2210; x_wconf 84' lang='lat' dir='ltr'>quae</span> <span class='ocrx_word' id='word_1_161' title='bbox 737 2121 832 2209; x_wconf 92' lang='lat' dir='ltr'>paulo</span> <span class='ocrx_word' id='word_1_162' title='bbox 849 2136 920 2209; x_wconf 90' lang='lat' dir='ltr'>post</span> <span class='ocrx_word' id='word_1_163' title='bbox 938 2136 1131 2207; x_wconf 88' lang='lat' dir='ltr'>sequuntur;</span> <span class='ocrx_word' id='word_1_164' title='bbox 1151 2125 1195 2186; x_wconf 89' lang='lat' dir='ltr'>In</span> 
     </span>
     <span class='ocr_line' id='line_1_22' title="bbox 150 2209 1194 2360; baseline -0.002 -86"><span class='ocrx_word' id='word_1_165' title='bbox 150 2218 262 2360; x_wconf 42' lang='grc' dir='ltr'>ἔλα</span> <span class='ocrx_word' id='word_1_166' title='bbox 280 2211 346 2274; x_wconf 89' lang='lat' dir='ltr'>Dei</span> <span class='ocrx_word' id='word_1_167' title='bbox 368 2210 525 2296; x_wconf 78' lang='lat' dir='ltr'>Spiritus,</span> <span class='ocrx_word' id='word_1_168' title='bbox 550 2218 580 2272; x_wconf 91' lang='lat' dir='ltr'>et</span> <span class='ocrx_word' id='word_1_169' title='bbox 600 2211 666 2274; x_wconf 87' lang='lat' dir='ltr'>Dei</span> <span class='ocrx_word' id='word_1_170' title='bbox 686 2230 799 2285; x_wconf 79' lang='lat' dir='ltr'>sereno,</span> <span class='ocrx_word' id='word_1_171' title='bbox 822 2217 852 2271; x_wconf 89' lang='lat' dir='ltr'>et</span> <span class='ocrx_word' id='word_1_172' title='bbox 871 2209 936 2272; x_wconf 88' lang='lat' dir='ltr'>Dei</span> <span class='ocrx_word' id='word_1_173' title='bbox 958 2209 1052 2285; x_wconf 86' lang='lat' dir='ltr'>ratio,</span> <span class='ocrx_word' id='word_1_174' title='bbox 1074 2230 1194 2306; x_wconf 84' lang='lat' dir='ltr'>oppro-</span> 
     </span>
    </p>
   </div>
   <div class='ocr_carea' id='block_1_4' title="bbox 149 2292 1270 3324">
    <p class='ocr_par' dir='ltr' id='par_1_7' title="bbox 151 2292 1196 2640">
     <span class='ocr_line' id='line_1_23' title="bbox 227 2292 1196 2380; baseline -0.003 -20"><span class='ocrx_word' id='word_1_175' title='bbox 227 2303 311 2360; x_wconf 86' lang='lat' dir='ltr'>sest</span> <span class='ocrx_word' id='word_1_176' title='bbox 330 2296 490 2359; x_wconf 83' lang='lat' dir='ltr'>Dominus</span> <span class='ocrx_word' id='word_1_177' title='bbox 510 2305 617 2359; x_wconf 88' lang='lat' dir='ltr'>noster</span> <span class='ocrx_word' id='word_1_178' title='bbox 637 2297 733 2359; x_wconf 87' lang='lat' dir='ltr'>Jesus</span> <span class='ocrx_word' id='word_1_179' title='bbox 757 2296 914 2360; x_wconf 75' lang='lat' dir='ltr'>Christus.</span> <span class='ocrx_word' id='word_1_180' title='bbox 961 2292 1046 2357; x_wconf 90' lang='lat' dir='ltr'>Mihi</span> <span class='ocrx_word' id='word_1_181' title='bbox 1067 2294 1196 2380; x_wconf 80' lang='lat' dir='ltr'>quidem</span> 
     </span>
     <span class='ocr_line' id='line_1_24' title="bbox 152 2379 1195 2468; baseline 0 -24"><span class='ocrx_word' id='word_1_182' title='bbox 152 2405 252 2459; x_wconf 89' lang='lat' dir='ltr'>voces,</span> <span class='ocrx_word' id='word_1_183' title='bbox 276 2391 306 2445; x_wconf 91' lang='lat' dir='ltr'>et</span> <span class='ocrx_word' id='word_1_184' title='bbox 326 2382 472 2468; x_wconf 84' lang='lat' dir='ltr'>spiritus,</span> <span class='ocrx_word' id='word_1_185' title='bbox 495 2380 570 2444; x_wconf 91' lang='lat' dir='ltr'>huic</span> <span class='ocrx_word' id='word_1_186' title='bbox 589 2381 657 2445; x_wconf 92' lang='lat' dir='ltr'>loco</span> <span class='ocrx_word' id='word_1_187' title='bbox 675 2404 694 2444; x_wconf 89' lang='lat' dir='ltr'>a</span> <span class='ocrx_word' id='word_1_188' title='bbox 713 2379 846 2444; x_wconf 86' lang='lat' dir='ltr'>librariis</span> <span class='ocrx_word' id='word_1_189' title='bbox 866 2380 1046 2466; x_wconf 86' lang='lat' dir='ltr'>importune</span> <span class='ocrx_word' id='word_1_190' title='bbox 1064 2380 1195 2467; x_wconf 87' lang='lat' dir='ltr'>adjectae</span> 
     </span>
     <span class='ocr_line' id='line_1_25' title="bbox 151 2465 1196 2554; baseline 0.001 -25"><span class='ocrx_word' id='word_1_191' title='bbox 151 2467 319 2540; x_wconf 89' lang='lat' dir='ltr'>videntur;</span> <span class='ocrx_word' id='word_1_192' title='bbox 342 2465 459 2553; x_wconf 80' lang='lat' dir='ltr'>alioqui</span> <span class='ocrx_word' id='word_1_193' title='bbox 478 2466 560 2530; x_wconf 91' lang='lat' dir='ltr'>dura</span> <span class='ocrx_word' id='word_1_194' title='bbox 573 2467 678 2553; x_wconf 90' lang='lat' dir='ltr'>aliqua</span> <span class='ocrx_word' id='word_1_195' title='bbox 695 2490 731 2530; x_wconf 91' lang='lat' dir='ltr'>ac</span> <span class='ocrx_word' id='word_1_196' title='bbox 748 2465 881 2530; x_wconf 88' lang='lat' dir='ltr'>difficilis</span> <span class='ocrx_word' id='word_1_197' title='bbox 895 2467 963 2552; x_wconf 88' lang='lat' dir='ltr'>ejus</span> <span class='ocrx_word' id='word_1_198' title='bbox 980 2465 1196 2554; x_wconf 86' lang='lat' dir='ltr'>interpretatio</span> 
     </span>
     <span class='ocr_line' id='line_1_26' title="bbox 151 2551 1000 2640; baseline -0.004 -23"><span class='ocrx_word' id='word_1_199' title='bbox 151 2553 366 2640; x_wconf 88' lang='lat' dir='ltr'>amplectenda</span> <span class='ocrx_word' id='word_1_200' title='bbox 381 2552 461 2615; x_wconf 89' lang='lat' dir='ltr'>foret</span> <span class='ocrx_word' id='word_1_201' title='bbox 473 2577 483 2625; x_wconf 90' lang='lat'>;</span> <span class='ocrx_word' id='word_1_202' title='bbox 506 2567 699 2639; x_wconf 90' lang='lat' dir='ltr'>quapropter</span> <span class='ocrx_word' id='word_1_203' title='bbox 714 2551 802 2616; x_wconf 89' lang='lat' dir='ltr'>uncis</span> <span class='ocrx_word' id='word_1_204' title='bbox 816 2575 868 2616; x_wconf 88' lang='lat' dir='ltr'>eas</span> <span class='ocrx_word' id='word_1_205' title='bbox 880 2552 1000 2616; x_wconf 90' lang='lat' dir='ltr'>inclusi.</span> 
     </span>
    </p>

    <p class='ocr_par' dir='ltr' id='par_1_8' title="bbox 149 2637 1270 3324">
     <span class='ocr_line' id='line_1_27' title="bbox 195 2637 1196 2735; baseline 0 -32"><span class='ocrx_word' id='word_1_206' title='bbox 195 2639 280 2704; x_wconf 93' lang='lat' dir='ltr'>Ibid.</span> <span class='ocrx_word' id='word_1_207' title='bbox 295 2638 318 2702; x_wconf 90' lang='lat' dir='ltr'>l.</span> <span class='ocrx_word' id='word_1_208' title='bbox 333 2657 383 2721; x_wconf 91' lang='lat'>19.</span> <span class='ocrx_word' id='word_1_209' title='bbox 407 2637 487 2701; x_wconf 91' lang='lat' dir='ltr'>ratio</span> <span class='ocrx_word' id='word_1_210' title='bbox 500 2661 564 2724; x_wconf 91' lang='lat' dir='ltr'>qua</span> <span class='ocrx_word' id='word_1_211' title='bbox 579 2639 675 2724; x_wconf 90' lang='lat' dir='ltr'>venit]</span> <span class='ocrx_word' id='word_1_212' title='bbox 695 2640 841 2702; x_wconf 86' lang='lat' dir='ltr'>Fortasse</span> <span class='ocrx_word' id='word_1_213' title='bbox 854 2637 1034 2725; x_wconf 87' lang='lat' dir='ltr'>legendum,</span> <span class='ocrx_word' id='word_1_214' title='bbox 1049 2659 1113 2735; x_wconf 79' lang='lat' dir='ltr'>qun</span> <span class='ocrx_word' id='word_1_215' title='bbox 1126 2660 1196 2702; x_wconf 81' lang='lat' dir='ltr'>sen-</span> 
     </span>
     <span class='ocr_line' id='line_1_28' title="bbox 149 2723 1195 2810; baseline 0.001 -22"><span class='ocrx_word' id='word_1_216' title='bbox 149 2727 204 2789; x_wconf 84' lang='lat' dir='ltr'>sit.</span> <span class='ocrx_word' id='word_1_217' title='bbox 264 2726 387 2788; x_wconf 89' lang='lat' dir='ltr'>Favent</span> <span class='ocrx_word' id='word_1_218' title='bbox 411 2724 598 2810; x_wconf 86' lang='lat' dir='ltr'>conjecturae</span> <span class='ocrx_word' id='word_1_219' title='bbox 624 2747 702 2788; x_wconf 84' lang='lat' dir='ltr'>meae</span> <span class='ocrx_word' id='word_1_220' title='bbox 724 2724 914 2789; x_wconf 85' lang='lat' dir='ltr'>Tertulliani</span> <span class='ocrx_word' id='word_1_221' title='bbox 937 2723 1033 2789; x_wconf 91' lang='lat' dir='ltr'>verba</span> <span class='ocrx_word' id='word_1_222' title='bbox 1057 2747 1090 2786; x_wconf 93' lang='lat' dir='ltr'>m</span> <span class='ocrx_word' id='word_1_223' title='bbox 1114 2723 1195 2789; x_wconf 90' lang='lat' dir='ltr'>libro</span> 
     </span>
     <span class='ocr_line' id='line_1_29' title="bbox 150 2809 1195 2896; baseline 0.004 -23"><span class='ocrx_word' id='word_1_224' title='bbox 150 2810 251 2873; x_wconf 78' lang='lat' dir='ltr'>Ades.</span> <span class='ocrx_word' id='word_1_225' title='bbox 266 2811 439 2885; x_wconf 83' lang='lat' dir='ltr'>Prnnenm,</span> <span class='ocrx_word' id='word_1_226' title='bbox 455 2809 509 2872; x_wconf 93' lang='lat' dir='ltr'>ubi</span> <span class='ocrx_word' id='word_1_227' title='bbox 530 2809 570 2872; x_wconf 93' lang='lat' dir='ltr'>de</span> <span class='ocrx_word' id='word_1_228' title='bbox 590 2809 663 2874; x_wconf 88' lang='lat' dir='ltr'>Filii</span> <span class='ocrx_word' id='word_1_229' title='bbox 684 2810 883 2896; x_wconf 87' lang='lat' dir='ltr'>generatione</span> <span class='ocrx_word' id='word_1_230' title='bbox 902 2812 969 2876; x_wconf 89' lang='lat' dir='ltr'>haec</span> <span class='ocrx_word' id='word_1_231' title='bbox 989 2825 1071 2876; x_wconf 84' lang='lat' dir='ltr'>sunt.</span> <span class='ocrx_word' id='word_1_232' title='bbox 1098 2813 1195 2877; x_wconf 84' lang='lat' dir='ltr'>Solus</span> 
     </span>
     <span class='ocr_line' id='line_1_30' title="bbox 149 2896 1193 2984; baseline 0.004 -26"><span class='ocrx_word' id='word_1_233' title='bbox 149 2904 255 2958; x_wconf 88' lang='lat' dir='ltr'>autern</span> <span class='ocrx_word' id='word_1_234' title='bbox 281 2896 381 2972; x_wconf 91' lang='lat' dir='ltr'>Deus,</span> <span class='ocrx_word' id='word_1_235' title='bbox 407 2897 484 2980; x_wconf 82' lang='lat' dir='ltr'>quia</span> <span class='ocrx_word' id='word_1_236' title='bbox 508 2896 592 2958; x_wconf 82' lang='lat' dir='ltr'>nileil</span> <span class='ocrx_word' id='word_1_237' title='bbox 618 2896 709 2959; x_wconf 83' lang='lat' dir='ltr'>atiud</span> <span class='ocrx_word' id='word_1_238' title='bbox 733 2900 928 2962; x_wconf 80' lang='lat' dir='ltr'>eutrinsecur</span> <span class='ocrx_word' id='word_1_239' title='bbox 950 2907 1072 2984; x_wconf 72' lang='lat' dir='ltr'>preater</span> <span class='ocrx_word' id='word_1_240' title='bbox 1093 2898 1193 2963; x_wconf 84' lang='lat' dir='ltr'>illum.</span> 
     </span>
     <span class='ocr_line' id='line_1_31' title="bbox 152 2981 1195 3070; baseline 0.003 -24"><span class='ocrx_word' id='word_1_241' title='bbox 152 2982 309 3046; x_wconf 75' lang='lat' dir='ltr'>Craterum</span> <span class='ocrx_word' id='word_1_242' title='bbox 329 3001 368 3043; x_wconf 89' lang='lat' dir='ltr'>ne</span> <span class='ocrx_word' id='word_1_243' title='bbox 387 2989 462 3043; x_wconf 86' lang='lat' dir='ltr'>tunc</span> <span class='ocrx_word' id='word_1_244' title='bbox 480 2981 604 3066; x_wconf 85' lang='lat' dir='ltr'>quidem</span> <span class='ocrx_word' id='word_1_245' title='bbox 618 2982 714 3059; x_wconf 85' lang='lat' dir='ltr'>solus,</span> <span class='ocrx_word' id='word_1_246' title='bbox 730 2983 860 3048; x_wconf 76' lang='lat' dir='ltr'>nubebat</span> <span class='ocrx_word' id='word_1_247' title='bbox 873 2987 956 3047; x_wconf 89' lang='lat' dir='ltr'>enirn</span> <span class='ocrx_word' id='word_1_248' title='bbox 970 3005 1084 3061; x_wconf 78' lang='lat' dir='ltr'>semem,</span> <span class='ocrx_word' id='word_1_249' title='bbox 1099 3006 1195 3070; x_wconf 81' lang='lat' dir='ltr'>quern</span> 
     </span>
     <span class='ocr_line' id='line_1_32' title="bbox 149 3066 1195 3154; baseline 0.005 -24"><span class='ocrx_word' id='word_1_250' title='bbox 149 3066 280 3131; x_wconf 75' lang='lat' dir='ltr'>habebnt</span> <span class='ocrx_word' id='word_1_251' title='bbox 303 3067 339 3129; x_wconf 90' lang='lat' dir='ltr'>in</span> <span class='ocrx_word' id='word_1_252' title='bbox 364 3067 537 3152; x_wconf 82' lang='lat' dir='ltr'>semetipso,</span> <span class='ocrx_word' id='word_1_253' title='bbox 560 3069 714 3131; x_wconf 83' lang='lat' dir='ltr'>rationem</span> <span class='ocrx_word' id='word_1_254' title='bbox 738 3090 831 3132; x_wconf 85' lang='lat' dir='ltr'>suune</span> <span class='ocrx_word' id='word_1_255' title='bbox 852 3070 995 3133; x_wconf 57' lang='lat' dir='ltr'>scilicet.</span> <span class='ocrx_word' id='word_1_256' title='bbox 1012 3071 1195 3154; x_wconf 81' lang='lat' dir='ltr'>Rationalis</span> 
     </span>
     <span class='ocr_line' id='line_1_33' title="bbox 149 3154 1270 3241; baseline 0.003 -26"><span class='ocrx_word' id='word_1_257' title='bbox 149 3154 234 3215; x_wconf 81' lang='lat' dir='ltr'>enine</span> <span class='ocrx_word' id='word_1_258' title='bbox 248 3154 350 3230; x_wconf 83' lang='lat' dir='ltr'>Deus,</span> <span class='ocrx_word' id='word_1_259' title='bbox 370 3161 400 3215; x_wconf 90' lang='lat' dir='ltr'>et</span> <span class='ocrx_word' id='word_1_260' title='bbox 421 3154 506 3216; x_wconf 88' lang='lat' dir='ltr'>ratio</span> <span class='ocrx_word' id='word_1_261' title='bbox 526 3154 563 3214; x_wconf 86' lang='lat' dir='ltr'>in</span> <span class='ocrx_word' id='word_1_262' title='bbox 584 3154 654 3237; x_wconf 85' lang='lat' dir='ltr'>ipso</span> <span class='ocrx_word' id='word_1_263' title='bbox 671 3155 779 3239; x_wconf 82' lang='lat' dir='ltr'>prius,</span> <span class='ocrx_word' id='word_1_264' title='bbox 802 3162 832 3218; x_wconf 93' lang='lat' dir='ltr'>et</span> <span class='ocrx_word' id='word_1_265' title='bbox 852 3157 911 3234; x_wconf 88' lang='lat' dir='ltr'>ita,</span> <span class='ocrx_word' id='word_1_266' title='bbox 926 3156 966 3218; x_wconf 83' lang='lat' dir='ltr'>ab</span> <span class='ocrx_word' id='word_1_267' title='bbox 987 3157 1056 3241; x_wconf 88' lang='lat' dir='ltr'>ipso</span> <span class='ocrx_word' id='word_1_268' title='bbox 1075 3158 1193 3234; x_wconf 87' lang='lat' dir='ltr'>omnic,</span> <span class='ocrx_word' id='word_1_269' title='bbox 1268 3231 1270 3235; x_wconf 11' lang='lat' dir='ltr'>y</span> 
     </span>
     <span class='ocr_line' id='line_1_34' title="bbox 149 3237 1193 3324; baseline 0.002 -22"><span class='ocrx_word' id='word_1_270' title='bbox 149 3261 222 3324; x_wconf 88' lang='lat' dir='ltr'>quae</span> <span class='ocrx_word' id='word_1_271' title='bbox 245 3238 324 3302; x_wconf 88' lang='lat' dir='ltr'>ratio</span> <span class='ocrx_word' id='word_1_272' title='bbox 348 3260 455 3301; x_wconf 88' lang='lat' dir='ltr'>sensus</span> <span class='ocrx_word' id='word_1_273' title='bbox 480 3237 578 3324; x_wconf 89' lang='lat' dir='ltr'>ipsius</span> <span class='ocrx_word' id='word_1_274' title='bbox 600 3251 655 3301; x_wconf 84' lang='lat' dir='ltr'>est.</span> <span class='ocrx_word' id='word_1_275' title='bbox 693 3239 791 3302; x_wconf 87' lang='lat' dir='ltr'>Hanc</span> <span class='ocrx_word' id='word_1_276' title='bbox 819 3241 928 3304; x_wconf 81' lang='lat' dir='ltr'>Grceei</span> <span class='ocrx_word' id='word_1_277' title='bbox 950 3242 1052 3322; x_wconf 84' lang='grc' dir='ltr'>Λόγον</span> <span class='ocrx_word' id='word_1_278' title='bbox 1073 3241 1193 3319; x_wconf 73' lang='lat' dir='ltr'>(timent,</span> 
     </span>
    </p>
   </div>
   <div class='ocr_carea' id='block_1_5' title="bbox 148 3325 1313 3413">
    <p class='ocr_par' dir='ltr' id='par_1_9' title="bbox 148 3325 1313 3413">
     <span class='ocr_line' id='line_1_35' title="bbox 148 3325 1313 3413; baseline 0.002 -25"><span class='ocrx_word' id='word_1_279' title='bbox 148 3346 209 3410; x_wconf 81' lang='lat' dir='ltr'>quo</span> <span class='ocrx_word' id='word_1_280' title='bbox 234 3325 380 3389; x_wconf 84' lang='lat' dir='ltr'>vocabulo</span> <span class='ocrx_word' id='word_1_281' title='bbox 403 3326 498 3388; x_wconf 85' lang='lat' dir='ltr'>etiarn</span> <span class='ocrx_word' id='word_1_282' title='bbox 523 3345 693 3388; x_wconf 84' lang='lat' dir='ltr'>sermonem</span> <span class='ocrx_word' id='word_1_283' title='bbox 718 3326 923 3411; x_wconf 82' lang='lat' dir='ltr'>appellamus.</span> <span class='ocrx_word' id='word_1_284' title='bbox 974 3327 1019 3389; x_wconf 86' lang='lat' dir='ltr'>Et</span> <span class='ocrx_word' id='word_1_285' title='bbox 1043 3341 1195 3413; x_wconf 86' lang='lat' dir='ltr'>postea-</span> <span class='ocrx_word' id='word_1_286' title='bbox 1310 3330 1313 3334; x_wconf 76' lang='grc'><strong>’</strong></span> 
     </span>
    </p>
   </div>
   <div class='ocr_carea' id='block_1_6' title="bbox 143 3411 1195 4010">
    <p class='ocr_par' dir='ltr' id='par_1_10' title="bbox 143 3411 1195 4010">
     <span class='ocr_line' id='line_1_36' title="bbox 155 3411 1193 3498; baseline 0.005 -27"><span class='ocrx_word' id='word_1_287' title='bbox 155 3411 228 3472; x_wconf 83' lang='lat' dir='ltr'>Vide</span> <span class='ocrx_word' id='word_1_288' title='bbox 238 3433 308 3474; x_wconf 87' lang='lat' dir='ltr'>cum</span> <span class='ocrx_word' id='word_1_289' title='bbox 323 3412 449 3486; x_wconf 84' lang='lat' dir='ltr'>tacitus,</span> <span class='ocrx_word' id='word_1_290' title='bbox 466 3419 564 3472; x_wconf 87' lang='lat' dir='ltr'>tecum</span> <span class='ocrx_word' id='word_1_291' title='bbox 579 3412 647 3496; x_wconf 88' lang='lat' dir='ltr'>ipse</span> <span class='ocrx_word' id='word_1_292' title='bbox 660 3411 873 3498; x_wconf 78' lang='lat' dir='ltr'>congrederis,</span> <span class='ocrx_word' id='word_1_293' title='bbox 885 3413 1008 3476; x_wconf 87' lang='lat' dir='ltr'>ratione</span> <span class='ocrx_word' id='word_1_294' title='bbox 1021 3412 1076 3475; x_wconf 79' lang='lat' dir='ltr'>lece</span> <span class='ocrx_word' id='word_1_295' title='bbox 1088 3414 1193 3498; x_wconf 59' lang='lat' dir='ltr'>arsum</span> 
     </span>
     <span class='ocr_line' id='line_1_37' title="bbox 148 3497 1195 3581; baseline 0.005 -24"><span class='ocrx_word' id='word_1_296' title='bbox 148 3497 208 3581; x_wconf 72' lang='lat' dir='ltr'>agi</span> <span class='ocrx_word' id='word_1_297' title='bbox 222 3497 311 3558; x_wconf 85' lang='lat' dir='ltr'>intra</span> <span class='ocrx_word' id='word_1_298' title='bbox 328 3505 367 3574; x_wconf 89' lang='lat' dir='ltr'>te,</span> <span class='ocrx_word' id='word_1_299' title='bbox 383 3505 563 3558; x_wconf 88' lang='lat' dir='ltr'>occurrente</span> <span class='ocrx_word' id='word_1_300' title='bbox 582 3517 619 3559; x_wconf 86' lang='lat' dir='ltr'>en</span> <span class='ocrx_word' id='word_1_301' title='bbox 639 3497 695 3559; x_wconf 83' lang='lat' dir='ltr'>tibi</span> <span class='ocrx_word' id='word_1_302' title='bbox 715 3519 784 3559; x_wconf 87' lang='lat' dir='ltr'>cum</span> <span class='ocrx_word' id='word_1_303' title='bbox 803 3517 944 3561; x_wconf 77' lang='lat' dir='ltr'>sermone</span> <span class='ocrx_word' id='word_1_304' title='bbox 957 3499 1001 3560; x_wconf 85' lang='lat' dir='ltr'>od</span> <span class='ocrx_word' id='word_1_305' title='bbox 1013 3519 1132 3560; x_wconf 86' lang='lat' dir='ltr'>omnem</span> <span class='ocrx_word' id='word_1_306' title='bbox 1146 3521 1195 3562; x_wconf 89' lang='lat' dir='ltr'>co-</span> 
     </span>
     <span class='ocr_line' id='line_1_38' title="bbox 144 3580 1193 3668; baseline 0.004 -26"><span class='ocrx_word' id='word_1_307' title='bbox 144 3583 273 3666; x_wconf 81' lang='lat' dir='ltr'>gitatus</span> <span class='ocrx_word' id='word_1_308' title='bbox 295 3583 343 3643; x_wconf 89' lang='lat' dir='ltr'>tui</span> <span class='ocrx_word' id='word_1_309' title='bbox 364 3590 493 3659; x_wconf 85' lang='lat' dir='ltr'>neotum,</span> <span class='ocrx_word' id='word_1_310' title='bbox 508 3580 548 3643; x_wconf 88' lang='lat' dir='ltr'>ad</span> <span class='ocrx_word' id='word_1_311' title='bbox 570 3603 693 3645; x_wconf 91' lang='lat' dir='ltr'>omnem</span> <span class='ocrx_word' id='word_1_312' title='bbox 716 3604 824 3644; x_wconf 90' lang='lat' dir='ltr'>sensus</span> <span class='ocrx_word' id='word_1_313' title='bbox 846 3582 892 3645; x_wconf 90' lang='lat' dir='ltr'>tui</span> <span class='ocrx_word' id='word_1_314' title='bbox 913 3582 1052 3668; x_wconf 87' lang='lat' dir='ltr'>pulsum.</span> <span class='ocrx_word' id='word_1_315' title='bbox 1089 3585 1193 3657; x_wconf 84' lang='lat' dir='ltr'>Quod-</span> 
     </span>
     <span class='ocr_line' id='line_1_39' title="bbox 148 3667 1194 3754; baseline 0.005 -26"><span class='ocrx_word' id='word_1_316' title='bbox 148 3687 268 3752; x_wconf 80' lang='lat' dir='ltr'>cunque</span> <span class='ocrx_word' id='word_1_317' title='bbox 279 3667 472 3752; x_wconf 78' lang='lat' dir='ltr'>cogitaveris</span> <span class='ocrx_word' id='word_1_318' title='bbox 486 3687 586 3730; x_wconf 86' lang='lat' dir='ltr'>sermo</span> <span class='ocrx_word' id='word_1_319' title='bbox 601 3676 656 3743; x_wconf 87' lang='lat' dir='ltr'>est,</span> <span class='ocrx_word' id='word_1_320' title='bbox 671 3667 884 3754; x_wconf 90' lang='lat' dir='ltr'>quodcunque</span> <span class='ocrx_word' id='word_1_321' title='bbox 899 3668 1038 3746; x_wconf 76' lang='lat' dir='ltr'>senseriS,</span> <span class='ocrx_word' id='word_1_322' title='bbox 1053 3668 1134 3732; x_wconf 91' lang='lat' dir='ltr'>ratio</span> <span class='ocrx_word' id='word_1_323' title='bbox 1147 3682 1194 3733; x_wconf 89' lang='lat' dir='ltr'>est</span> 
     </span>
     <span class='ocr_line' id='line_1_40' title="bbox 147 3750 1194 3839; baseline 0.004 -25"><span class='ocrx_word' id='word_1_324' title='bbox 147 3773 215 3836; x_wconf 89' lang='lat' dir='ltr'>cap.</span> <span class='ocrx_word' id='word_1_325' title='bbox 227 3771 261 3835; x_wconf 87' lang='lat'>5.</span> <span class='ocrx_word' id='word_1_326' title='bbox 285 3751 463 3828; x_wconf 81' lang='lat' dir='ltr'>Quinetiam</span> <span class='ocrx_word' id='word_1_327' title='bbox 478 3750 560 3815; x_wconf 85' lang='lat' dir='ltr'>infra</span> <span class='ocrx_word' id='word_1_328' title='bbox 572 3751 616 3816; x_wconf 90' lang='lat' dir='ltr'>ait</span> <span class='ocrx_word' id='word_1_329' title='bbox 631 3752 857 3831; x_wconf 88' lang='lat' dir='ltr'>Tertullianus,</span> <span class='ocrx_word' id='word_1_330' title='bbox 872 3764 1025 3839; x_wconf 83' lang='lat' dir='ltr'>quantum</span> <span class='ocrx_word' id='word_1_331' title='bbox 1039 3756 1194 3818; x_wconf 84' lang='lat' dir='ltr'>substrin-</span> 
     </span>
     <span class='ocr_line' id='line_1_41' title="bbox 143 3837 1194 3927; baseline 0.003 -26"><span class='ocrx_word' id='word_1_332' title='bbox 143 3839 242 3924; x_wconf 76' lang='lat' dir='ltr'>gitur</span> <span class='ocrx_word' id='word_1_333' title='bbox 257 3837 370 3913; x_wconf 83' lang='lat' dir='ltr'>verbis,</span> <span class='ocrx_word' id='word_1_334' title='bbox 387 3845 510 3900; x_wconf 88' lang='lat' dir='ltr'>tanturn</span> <span class='ocrx_word' id='word_1_335' title='bbox 523 3838 718 3924; x_wconf 76' lang='lat' dir='ltr'>diffunditur</span> <span class='ocrx_word' id='word_1_336' title='bbox 734 3841 888 3903; x_wconf 72' lang='lat' dir='ltr'>sensilem.</span> <span class='ocrx_word' id='word_1_337' title='bbox 934 3839 1098 3927; x_wconf 87' lang='lat' dir='ltr'>Corrigere</span> <span class='ocrx_word' id='word_1_338' title='bbox 1120 3856 1194 3904; x_wconf 86' lang='lat' dir='ltr'>vero</span> 
     </span>
     <span class='ocr_line' id='line_1_42' title="bbox 148 3921 1194 4010; baseline 0.007 -29"><span class='ocrx_word' id='word_1_339' title='bbox 148 3922 217 3988; x_wconf 92' lang='lat' dir='ltr'>vult</span> <span class='ocrx_word' id='word_1_340' title='bbox 238 3921 374 3986; x_wconf 90' lang='lat' dir='ltr'>Latinus</span> <span class='ocrx_word' id='word_1_341' title='bbox 394 3921 539 3986; x_wconf 89' lang='lat' dir='ltr'>Latinius</span> <span class='ocrx_word' id='word_1_342' title='bbox 552 3923 586 3986; x_wconf 92' lang='lat' dir='ltr'>in</span> <span class='ocrx_word' id='word_1_343' title='bbox 601 3925 794 3989; x_wconf 79' lang='lat' dir='ltr'>Bibliotheca</span> <span class='ocrx_word' id='word_1_344' title='bbox 808 3947 868 3988; x_wconf 87' lang='lat' dir='ltr'>suo</span> <span class='ocrx_word' id='word_1_345' title='bbox 884 3927 988 3989; x_wconf 86' lang='lat' dir='ltr'>Socra</span> <span class='ocrx_word' id='word_1_346' title='bbox 1002 3935 1032 3988; x_wconf 92' lang='lat' dir='ltr'>et</span> <span class='ocrx_word' id='word_1_347' title='bbox 1046 3926 1194 4010; x_wconf 68' lang='lat' dir='ltr'>Prrfinra</span> 
     </span>
    </p>
   </div>
   <div class='ocr_carea' id='block_1_7' title="bbox 148 4007 1295 4097">
    <p class='ocr_par' dir='ltr' id='par_1_11' title="bbox 148 4007 1295 4097">
     <span class='ocr_line' id='line_1_43' title="bbox 148 4007 1295 4097; baseline 0.003 -24"><span class='ocrx_word' id='word_1_348' title='bbox 148 4031 181 4094; x_wconf 92' lang='lat' dir='ltr'>p.</span> <span class='ocrx_word' id='word_1_349' title='bbox 197 4028 268 4091; x_wconf 91' lang='lat'><strong>194.</strong></span> <span class='ocrx_word' id='word_1_350' title='bbox 291 4031 350 4095; x_wconf 92' lang='lat' dir='ltr'>pro</span> <span class='ocrx_word' id='word_1_351' title='bbox 371 4007 441 4089; x_wconf 90' lang='lat' dir='ltr'>isto,</span> <span class='ocrx_word' id='word_1_352' title='bbox 456 4030 520 4095; x_wconf 82' lang='lat' dir='ltr'>qun</span> <span class='ocrx_word' id='word_1_353' title='bbox 539 4011 635 4089; x_wconf 83' lang='lat' dir='ltr'>uenit,</span> <span class='ocrx_word' id='word_1_354' title='bbox 655 4032 719 4096; x_wconf 82' lang='lat' dir='ltr'>qua</span> <span class='ocrx_word' id='word_1_355' title='bbox 735 4011 904 4097; x_wconf 83' lang='lat' dir='ltr'>proneovit.</span> <span class='ocrx_word' id='word_1_356' title='bbox 950 4011 1083 4075; x_wconf 89' lang='lat' dir='ltr'>Habent</span> <span class='ocrx_word' id='word_1_357' title='bbox 1104 4011 1191 4075; x_wconf 87' lang='lat' dir='ltr'>editt.</span> <span class='ocrx_word' id='word_1_358' title='bbox 1292 4069 1295 4077; x_wconf 64' lang='lat'><strong>.</strong></span> 
     </span>
    </p>
   </div>
   <div class='ocr_carea' id='block_1_8' title="bbox 148 4093 1194 4356">
    <p class='ocr_par' dir='ltr' id='par_1_12' title="bbox 148 4093 1194 4356">
     <span class='ocr_line' id='line_1_44' title="bbox 149 4093 1194 4183; baseline 0.005 -27"><span class='ocrx_word' id='word_1_359' title='bbox 149 4093 329 4181; x_wconf 86' lang='lat' dir='ltr'>Rigaltiana</span> <span class='ocrx_word' id='word_1_360' title='bbox 348 4094 552 4183; x_wconf 63' lang='lat' dir='ltr'>prioresque</span> <span class='ocrx_word' id='word_1_361' title='bbox 571 4097 668 4161; x_wconf 85' lang='lat' dir='ltr'>venit.</span> <span class='ocrx_word' id='word_1_362' title='bbox 715 4095 824 4160; x_wconf 92' lang='lat' dir='ltr'>Posuit</span> <span class='ocrx_word' id='word_1_363' title='bbox 846 4095 1017 4181; x_wconf 83' lang='lat' dir='ltr'>Rigaltius,</span> <span class='ocrx_word' id='word_1_364' title='bbox 1032 4112 1194 4182; x_wconf 86' lang='lat' dir='ltr'>praeeunto</span> 
     </span>
     <span class='ocr_line' id='line_1_45' title="bbox 148 4179 1194 4328; baseline 0.004 -86"><span class='ocrx_word' id='word_1_365' title='bbox 148 4180 240 4244; x_wconf 86' lang='lat' dir='ltr'>Junii</span> <span class='ocrx_word' id='word_1_366' title='bbox 262 4182 450 4328; x_wconf 51' lang='lat' dir='ltr'>conpectura,</span> <span class='ocrx_word' id='word_1_367' title='bbox 468 4202 532 4265; x_wconf 84' lang='lat' dir='ltr'>qun</span> <span class='ocrx_word' id='word_1_368' title='bbox 554 4185 649 4246; x_wconf 73' lang='lat' dir='ltr'>rente.</span> <span class='ocrx_word' id='word_1_369' title='bbox 686 4183 734 4245; x_wconf 91' lang='lat' dir='ltr'>At</span> <span class='ocrx_word' id='word_1_370' title='bbox 757 4203 830 4245; x_wconf 89' lang='lat' dir='ltr'>vero</span> <span class='ocrx_word' id='word_1_371' title='bbox 852 4179 884 4243; x_wconf 92' lang='lat' dir='ltr'>in</span> <span class='ocrx_word' id='word_1_372' title='bbox 906 4180 974 4244; x_wconf 91' lang='lat' dir='ltr'>loco</span> <span class='ocrx_word' id='word_1_373' title='bbox 995 4183 1099 4280; x_wconf 78' lang='lat' dir='ltr'>statim</span> <span class='ocrx_word' id='word_1_374' title='bbox 1122 4197 1194 4270; x_wconf 89' lang='lat' dir='ltr'>post</span> 
     </span>
     <span class='ocr_line' id='line_1_46' title="bbox 150 4267 1194 4356; baseline 0.003 -27"><span class='ocrx_word' id='word_1_375' title='bbox 150 4278 309 4352; x_wconf 88' lang='lat' dir='ltr'>sequente,</span> <span class='ocrx_word' id='word_1_376' title='bbox 343 4288 379 4329; x_wconf 92' lang='lat' dir='ltr'>oc</span> <span class='ocrx_word' id='word_1_377' title='bbox 394 4278 490 4345; x_wconf 87' lang='lat' dir='ltr'>extat,</span> <span class='ocrx_word' id='word_1_378' title='bbox 503 4287 543 4330; x_wconf 79' lang='lat' dir='ltr'>en</span> <span class='ocrx_word' id='word_1_379' title='bbox 556 4268 690 4347; x_wconf 85' lang='lat' dir='ltr'>ratione,</span> <span class='ocrx_word' id='word_1_380' title='bbox 705 4267 1036 4353; x_wconf 74' lang='lat' dir='ltr'>quotuscipitur,ub1</span> <span class='ocrx_word' id='word_1_381' title='bbox 1051 4290 1122 4332; x_wconf 91' lang='lat' dir='ltr'>cum</span> <span class='ocrx_word' id='word_1_382' title='bbox 1138 4291 1194 4356; x_wconf 91' lang='lat' dir='ltr'>po-</span> 
     </span>
    </p>
   </div>
   <div class='ocr_carea' id='block_1_9' title="bbox 0 0 1344 4830">
    <p class='ocr_par' dir='ltr' id='par_1_13' title="bbox 0 0 1344 4830">
     <span class='ocr_line' id='line_1_47' title="bbox 0 0 1344 4830; baseline 0 0"><span class='ocrx_word' id='word_1_383' title='bbox 0 0 1344 4830; x_wconf 95' lang='lat' dir='ltr'> </span> 
     </span>
    </p>
   </div>
  </div>
 </body>
</html>
