2678 4830
531 631 805 706 ADVERSUS

212 826 413 911 OMNES
443 829 799 912 HAERETICOS
828 826 1126 911 LIBELLUS.

519 1091 811 1136 ...φ-

149 1246 407 1379 QUORUM
452 1286 714 1376 haereticorum,
752 1298 794 1358 ut
831 1286 935 1387 plura
972 1299 1193 1387 praeteream,

143 1431 259 1505 pauca
284 1403 535 1504 perstringam.
585 1403 705 1475 Taceo
728 1402 827 1474 enim
849 1402 1028 1477 Judaismi
1053 1405 1194 1506 haereti-

95 1553 109 1584 ιτ
116 1547 132 1608 5
145 1548 226 1607 cos;
244 1520 479 1608 Dositheum,
497 1519 658 1616 inquam,
677 1519 956 1612 Samaritanum,
974 1521 1035 1619 qui
1053 1522 1192 1620 primus

145 1665 251 1712 ausus
279 1650 333 1710 est
362 1637 570 1736 prophetas,
598 1636 700 1733 quasi
726 1637 865 1709 nonin
892 1637 1029 1737 Spiritu
1059 1639 1194 1712 Sancto

144 1755 295 1842 locutos,
318 1753 516 1853 repudiare.
557 1753 679 1826 Taceo
696 1752 923 1842 Sadducaeos,
941 1755 1003 1853 qui
1021 1782 1066 1827 cx
1085 1755 1200 1852 huj-us

145 1873 269 1967 erroris
288 1871 406 1944 radice
422 1882 620 1969 surgentes,
639 1869 714 1942 ausi
738 1882 824 1942 sunt
849 1871 894 1943 ad
916 1872 1010 1944 hanc
1028 1872 1192 1945 haeresim

144 1987 255 2061 etiam
279 1985 575 2060 resurrectionem
604 1985 719 2059 carnis
751 2013 894 2086 negare.
953 1989 1193 2063 Praetermitto

100 2103 352 2193 10Pharisae0s,
383 2102 446 2200 qui
476 2102 720 2175 additamenta
748 2102 915 2200 quaedam
950 2102 1021 2202 legi
1056 2104 1195 2180 adstru-

128 2219 237 2294 endo
255 2247 276 2293 a
292 2218 430 2293 Judaeis
449 2217 552 2291 divisi
572 2231 675 2291 sunt:
699 2218 796 2291 unde
814 2219 922 2292 etiam
943 2219 1013 2292 hoc
1032 2221 1194 2320 accipere

144 2337 266 2436 ipsum
283 2333 381 2432 quod
399 2334 536 2408 habent
557 2360 703 2424 nomen,
722 2332 822 2433 digni
841 2334 1007 2421 fuerunt3
1035 2361 1118 2407 cum
1138 2335 1194 2408 his

145 2451 512 2538 etiamHerodianos,
526 2451 588 2548 qui
607 2451 794 2525 Christum
816 2450 1003 2524 Herodem
1021 2478 1099 2525 esse
1115 2450 1196 2524 dix·

126 2583 262 2645 erunt.

101 2715 134 2776 15
193 2687 252 2762 Ad
279 2713 339 2759 eos
366 2712 425 2758 me
452 2698 634 2774 conventu,
660 2685 722 2783 qui
749 2711 795 2757 ex
822 2684 1009 2784 evangelio
1035 2685 1192 2759 haeretici

144 2832 220 2878 csse
237 2803 450 2886 voluerunt3
477 2827 522 2874 cx
548 2801 679 2899 quibus
705 2814 760 2874 est
781 2803 919 2901 primus
947 2801 1114 2874 omnium
1138 2802 1195 2875 si-

145 2947 232 2994 mon
255 2918 401 3017 Magus,
420 2917 483 3014 qui
509 2918 545 2989 in
568 2916 669 2990 Actis
691 2917 948 3018 Apostolorum
973 2917 1195 3018 condignam

145 3035 277 3110 meruit
310 3035 355 3107 ab
390 3033 553 3131 apostolo
588 3034 693 3106 Petro
721 3033 934 3133 justamque
966 3035 1193 3115 sententiam.

145 3153 221 3227 Hic
242 3178 348 3225 ausus
373 3162 427 3222 est
452 3176 633 3223 summam
660 3151 839 3224 aedicere
863 3151 1046 3240 virtutem,
1067 3150 1104 3225 id
1128 3165 1194 3239 est,

71 3293 329 3343 .20summum
356 3266 498 3339 Deum:
530 3265 709 3339 mundum
737 3279 856 3339 autem
885 3267 931 3339 ab
958 3268 1193 3366 angelissuis

145 3386 369 3459 institutum:
388 3409 430 3455 ac
447 3381 612 3455 daemone
630 3410 667 3456 se
685 3384 872 3456 oberrante
890 3379 990 3483 (for.
1005 3412 1026 3456 a
1039 3410 1077 3455 se
1095 3384 1195 3457 aber-

144 3506 260 3598 rante)
283 3500 345 3597 qui
372 3512 464 3572 esset
491 3499 678 3598 sapientia,
704 3498 931 3573 descendisse
957 3499 1192 3597 quaerendum

147 3614 246 3715 (for.
265 3603 490 3689 descendisse
508 3641 546 3686 se
566 3614 611 3687 ad
634 3616 906 3714 quaerendum):
932 3617 1027 3715 apud
1044 3618 1070 3691 J
1073 3616 1194 3694 udaeos

145 3759 184 3804 se
210 3733 247 3805 in
274 3732 530 3833 phantasmate
553 3731 625 3804 Dei
653 3728 753 3830 (for.
771 3732 910 3829 Deum)
938 3760 1011 3805 uon
1036 3760 1195 3833 passum,

68 3888 73 3895 .
99 3882 133 3944 25
145 3848 207 3921 sed
225 3875 301 3920 esse
319 3848 419 3946 quasi
439 3872 597 3946 passum.
645 3847 731 3920 Post
749 3848 849 3920 hunc
867 3847 1071 3921 Menander
1087 3848 1194 3921 disci-

143 3966 250 4065 pulus
270 3965 392 4066 ipsius,
411 3964 576 4038 similiter
594 3990 732 4064 magus,
750 3966 876 4039 eadem
895 3965 1018 4039 diceus
1036 3992 1117 4063 quae
1136 3965 1193 4038 Si-

143 4108 231 4154 mon
249 4081 336 4182 ipse.
376 4079 560 4178 Quicquid
584 4106 621 4153 se
647 4081 774 4154 Simon
799 4081 949 4169 dixerat,
968 4082 1038 4155 hoc
1056 4107 1093 4154 se
1111 4080 1193 4153 Me·

143 4196 283 4270 nander
312 4225 388 4270 esse
418 4197 574 4289 dicebat,
604 4225 740 4297 negans
771 4199 902 4273 habere
930 4223 1193 4298 possevquem-

1237 1305 1319 1420 ΟιῗΡ.

1238 2709 1322 2758 CAP.

1264 2775 1301 2824 11.
1317 2820 1319 2823 .
