2678 4830
209 325 252 391 62

571 326 604 388 S.
622 322 889 388 HIPPOLYTI

209 497 265 598 ἦν.
305 505 389 579 Τῶν
413 496 452 578 δὲ
472 498 664 600 γινομένων
686 496 846 602 ἀρχηγὸν
870 497 929 575 καὶ
952 493 1167 594 σύμβουλον
1189 502 1246 577 καὶ

209 624 360 732 ἐργάτην
376 627 499 729 ε’γέννα
512 625 633 728 Λόγον
636 688 647 725 ,
664 624 704 707 ῦν
718 625 839 727 Λθγον
853 624 943 728 ἔχων
956 626 994 702 ἐν
1006 625 1119 732 ἑαυτῷ
1132 624 1242 731 ἀόρα-

209 753 271 836 τόν
288 791 326 835 τε
344 753 430 836 ὅντα
446 762 497 863 τῷ
515 752 701 862 κτιζομείιῳ
718 753 858 861 κόσμῳ,
875 749 1004 857 ὁρατὸν
1020 759 1124 832 ποιεῖ·
1149 789 1243 859 προ-

207 884 313 988 τέραν
337 882 460 992 φωνὴν
483 878 742 992 φθεγγόμενος,
769 885 827 962 καὶ
849 888 927 990 φῶς
954 883 992 960 ἐκ
1014 878 1134 989 φωτὸς
1158 916 1243 984 γεν-

870 1009 882 1035 Χ

209 1019 295 1111 νῦν,
314 1018 468 1118 προῆκεν
484 1018 529 1118 τῇ
548 1013 661 1091 κτίσει
680 1010 825 1115 Κύρων·
846 1045 909 1090 τον
929 1009 1018 1089 ἰ’διον
1036 1017 1133 1108 νοῦν,
1151 1012 1268 1118 αὐτῷ5

208 1141 306 1250 μόνῳ
333 1139 506 1246 πρότερον
534 1137 662 1245 ὁρατὸν
687 1138 906 1244 ὑπάρχοντα,
930 1144 981 1245 τῷ
1008 1136 1046 1218 δὲ
1071 1139 1245 1246 γινομένῳ

209 1266 334 1378 κθσμιρ
363 1268 514 1375 ἀόρατον
547 1266 647 1367 ὄντα,
678 1265 806 1373 ὁρατὸν
832 1273 939 1365 ποιεῖ,
970 1265 1066 1352 ὅπως
1096 1265 1155 1346 διὰ
1183 1276 1246 1348 τοῦ

207 1403 360 1507 φανῆναι
379 1396 461 1478 ίδῶν
479 1400 499 1477 ὁ
518 1394 653 1496 κόσμος
670 1399 831 1495 σωθῆναι
849 1398 994 1500 δυνηθῇ.

262 1525 320 1606 ια’.
353 1530 424 1606 Καὶ
449 1528 559 1610 οὕτως
580 1526 780 1629 παρίστατο
802 1525 897 1631 αὐτῷ

927 1523 944 1552 ‘7

923 1557 1050 1628 ετερος.

1094 1519 1245 1628 Ἕτερον

206 1653 244 1735 δὲ
261 1654 379 1757 λε’γων
397 1655 438 1733 οῦ
456 1651 519 1732 δύο
537 1650 651 1737 Θεοῦς
669 1652 780 1754 λέγω,
797 1652 880 1731 ἀλλ’
897 1654 945 1736 ὡς
963 1657 1041 1759 φῶς
1054 1653 1093 1731 ἐκ
1107 1651 1241 1759 φωτὸς,
1255 1689 1286 1728 10

205 1779 229 1882 ἢ
248 1785 295 1866 ὡς
314 1783 408 1885 ὕδωρ
425 1783 463 1860 ἐκ
480 1784 613 1881 πηγῆς,
634 1776 657 1878 ἢ
676 1782 724 1864 ὡς
741 1782 866 1859 ἀκτῖνα
883 1777 954 1860 ἀπὸ
973 1780 1088 1878 ἡλίου.
1119 1780 1240 1860 Δύνα-

205 1945 264 2011 μις
289 1907 360 2014 γὰρ
385 1909 450 2008 μία
473 1908 496 2007 ἦ
518 1910 557 1987 ἐκ
578 1915 641 1986 τοῦ
661 1906 809 2005 παντὸς,
830 1906 872 1986 τὸ
891 1904 930 1985 δὲ
947 1914 1020 1987 πῦιν
1039 1905 1183 2012 Πατὴρ,
1204 1910 1247 2016 ἐξ

205 2038 247 2117 οῦ
265 2037 410 2137 δύναμις
424 2033 554 2138 Λθγος.
577 2035 678 2121 οῦτος
691 2033 729 2114 δὲ
744 2041 841 2121 Νοῦς
859 2033 898 2120 ῦς
915 2033 1055 2140 προβὰς
1066 2038 1105 2114 ἐν
1117 2035 1244 2144 κόσμῳ

205 2168 378 2247 ἐδείκνυτο
395 2172 479 2250 παῖς
497 2170 603 2244 Θεοῦ.
654 2164 783 2244 Πάντα
799 2166 916 2244 τοίνυν
934 2164 977 2242 δι’
997 2165 1119 2262 αὐτοῦ,
1140 2163 1245 2251 αὐτὸς

205 2290 244 2372 δὲ
261 2292 368 2393 μόνος
385 2297 424 2373 ἐκ
442 2290 598 2397 Πατρός.
632 2293 698 2378 Τίς
716 2294 833 2372 τοίνυν
851 2293 1084 2400 ἀποφαίνεται
1100 2291 1244 2394 πληθῦν
1255 2323 1284 2384 15

1029 2424 1041 2452 Ν
1094 2420 1105 2449 ἱ
1191 2419 1202 2447 Ι

205 2426 309 2502 Θεῶν
325 2421 654 2527 παραβαλλομένην
672 2419 763 2500 κατὰ
780 2421 941 2525 καιρούς;
970 2427 1043 2503 Και
1059 2455 1130 2525 γαρ
1148 2457 1241 2502 παν-

205 2584 261 2634 τες
286 2551 576 2651 ἀπεκλείσθησαν
601 2556 649 2635 είς
671 2557 774 2629 τοῦτο
801 2548 944 2633 ἄκοντες
971 2555 1093 2649 εἰπεῖν,
1121 2548 1177 2629 ὅτι
1203 2547 1243 2629 τὸ

205 2684 278 2756 πᾶν
295 2684 343 2763 εἰς
360 2677 423 2757 ἕνα
439 2680 633 2783 ἀνατρέχει.
668 2684 712 2757 Ei
730 2678 792 2757 οὖν
810 2674 855 2756 τῦ
872 2676 990 2758 πάντα
1008 2684 1056 2764 εἷς
1073 2677 1135 2757 ἕνα
1153 2680 1239 2758 ἀνα·

207 2897 278 2944 erat.
314 2887 423 2944 Eorum
437 2899 535 2945 autem
549 2907 613 2962 quae
627 2887 704 2944 facta

206 2977 284 3034 sunt,
310 2967 424 3034 ducem,
453 2969 647 3026 consiliarium
674 2980 704 3026 et

206 3049 370 3124 operarium
384 3050 541 3127 generabat
554 3048 702 3108 Verbum:

206 3131 284 3206 quod
298 3130 429 3189 Verbum
446 3150 512 3188 cum
526 3131 558 3187 in
571 3150 602 3189 se
614 3131 703 3189 habe-

204 3224 260 3279 ret,
276 3224 409 3288 essetque
422 3212 532 3270 mundo
547 3224 644 3271 creato
658 3212 702 3269 in-

205 3295 392 3371 aspectabile‚
416 3294 486 3353 fecit
516 3294 702 3370 aspectabile,

205 3376 341 3433 emittens
354 3376 480 3452 priorem
490 3395 603 3442 vocem,
616 3388 646 3435 et
658 3377 702 3434 lu-

204 3475 274 3514 men
295 3476 330 3513 ex
353 3457 463 3514 lumine
487 3477 628 3535 generans
653 3459 703 3515 de·

204 3538 326 3613 promsit
352 3537 407 3612 ipsi
436 3549 574 3596 oreaturae
603 3539 703 3596 Domi-

204 3638 285 3685 num,
296 3637 412 3675 sensum
421 3639 518 3686 suum3
528 3631 558 3677 et
567 3621 617 3694 qui
625 3620 703 3696 prius

204 3700 259 3775 ipsi
273 3710 386 3756 tentum
401 3712 462 3757 erat
475 3701 605 3767 visibilis,
618 3720 702 3758 mun-

205 3781 242 3838 do
257 3792 355 3838 autem
368 3781 528 3848 invisibilis,
542 3782 621 3839 hune
634 3783 702 3840 visi·

205 3862 296 3920 bilem
319 3860 398 3928 fecit,
424 3874 458 3920 ut
485 3864 610 3920 mundus
638 3882 705 3920 cum

206 3962 275 4002 eum
290 3943 339 4018 qui
356 3944 498 4020 apparuit,
513 3943 634 4012 videret,-
649 3946 703 4003 sei-

205 4046 259 4085 vus
272 4025 335 4083 fieri
348 4037 456 4102 posset.

247 4108 301 4168 ΧΙ.
323 4107 421 4183 Atque
440 4107 483 4165 ite
500 4106 611 4166 adstitit
627 4108 655 4166 ei
673 4127 703 4165 a·

743 2889 807 2945 lius.
831 2889 905 2946 Cum
916 2890 1005 2946 ulium
1016 2889 1090 2956 dico,
1100 2909 1161 2947 non
1173 2889 1243 2946 duos

743 2969 822 3028 Deos
833 2971 911 3036 dieo;
926 2970 978 3028 sed
988 2976 1128 3046 tanquam
1142 2971 1243 3027 lumen

745 3068 780 3107 ex
793 3051 913 3118 lumine,
929 3063 959 3109 et
972 3071 1077 3128 equam
1097 3071 1132 3109 ex
1151 3050 1242 3116 fonte,

745 3132 922 3190 autredium
936 3153 954 3190 a
967 3135 1037 3192 sole.
1079 3133 1148 3190 Uno
1166 3132 1243 3190 euim

743 3213 835 3271 virtus
850 3232 885 3272 ex
898 3225 978 3272 toto:
997 3226 1091 3272 totum
1105 3232 1177 3271 vero
1190 3214 1242 3270 Po·

744 3305 798 3360 ter,
812 3315 846 3352 ex
858 3315 915 3371 quo
926 3296 1016 3352 virtus
1025 3295 1170 3353 Verbum:
1188 3295 1243 3352 hoo

744 3394 814 3433 vero
822 3377 920 3442 Mens,
930 3377 991 3434 sive
1000 3377 1169 3452 sensus,qui
1179 3394 1245 3451 pro·

744 3457 826 3515 diens
839 3458 871 3515 in
885 3459 1036 3524 mundum,
1052 3469 1186 3516 ostensus
1199 3452 1244 3514 esi

743 3558 817 3614 puer
840 3539 904 3597 Dei.
943 3540 1050 3596 Omnia
1076 3540 1166 3618 igitur
1191 3557 1244 3614 per

745 3639 812 3677 eum
826 3620 992 3688 factasunt,
1011 3621 1096 3697 aipse
1113 3621 1191 3678 solus
1209 3637 1243 3676 ex

744 3703 828 3759 Patre
842 3702 966 3780 genitus.
1008 3703 1081 3771 Quis
1095 3720 1165 3780 ergo
1177 3719 1242 3777 pro·

743 3782 800 3840 fert
841 3784 1058 3842 multitudinem
1102 3784 1241 3847 Deorum,

746 3884 810 3939 quae
834 3885 887 3941 per
914 3865 1055 3923 curricula
1077 3876 1243 3940 temporum

745 3945 954 4022 oppulsafirit?
989 3947 1099 4003 Omnes
1115 3946 1194 4003 enim
1208 3960 1243 4000 eo

744 4028 854 4085 redacti
878 4039 945 4084 sunt
967 4028 1062 4093 inviti,
1087 4038 1121 4084 ut
1145 4026 1245 4084 dicant

745 4110 843 4168 omnia
860 4109 897 4167 ed
914 4129 1007 4167 unum
1027 4127 1186 4175 recurrere,
1201 4117 1243 4164 et-

648 4264 661 4292 ²
678 4253 734 4301 Joh.
747 4254 763 4301 i.
775 4269 799 4316 3.
