2678 4830
349 485 981 636 snusonnmuus.

560 793 779 840 -4—

212 983 248 1052 S.
269 981 572 1064 Hmnouruus,
590 977 676 1051 Lib.
694 977 761 1052 De
782 979 885 1052 Wric
902 978 1128 1065 Illactribaa,

328 1120 404 1188 cap.
418 1099 482 1166 liii.
499 1120 581 1191 pag.
597 1102 679 1167 124.
697 1100 781 1168 edit.
800 1099 1007 1169 FAnmcu.

147 1223 575 1336 TERTULLIANUS
600 1267 796 1357 presbyter,
821 1289 918 1337 nunc
947 1268 1091 1336 demum
1118 1267 1193 1358 pri-

149 1403 228 1451 mus
249 1389 331 1470 post
347 1379 531 1450 Victorem
554 1388 590 1448 et
613 1379 874 1470 Apollonium⁸
895 1382 1109 1471 Latinorum
1131 1403 1194 1471 po÷

149 1497 259 1577 nitur,
288 1495 483 1586 provinciae
512 1493 660 1576 Africae,
688 1496 843 1565 civitatis
874 1495 1193 1589 Carthaginiensis,

150 1619 251 1702 patre
276 1610 483 1678 centurione
504 1610 749 1699 proconsulari
759 1605 786 1677 b.
840 1607 911 1679 Hic
928 1611 1019 1679 acris
1036 1619 1073 1679 et
1090 1609 1195 1678 vehe-

150 1726 280 1795 mentis
297 1725 445 1815 ingenii,
462 1723 529 1792 sub
546 1723 677 1791 Severo
694 1724 854 1813 principe
871 1733 907 1793 et
923 1723 1110 1794 Antonino
1128 1723 1196 1794 Ca·

151 1842 282 1909 racalla
299 1840 454 1907 maxime
471 1837 604 1919 floruit,
617 1840 802 1928 multaque
818 1839 960 1929 scripsit
978 1841 1195 1909 volumina⁰z

151 1978 233 2047 quae
250 1955 337 2044 quia
352 1961 439 2022 nota
456 1960 541 2021 sunt
557 1953 732 2042 pluribus,
749 1955 1070 2043 praetermittimus.
1109 1952 1195 2023 Vidi

152 2093 218 2163 ego
240 2069 431 2159 quemdam
454 2065 609 2135 Paulum
627 2063 870 2149 Concordiaed‚
888 2070 985 2158 quod
1005 2070 1197 2159 oppidume
1252 2096 1258 2105 ·

153 2186 270 2256 Italiae
293 2192 358 2264 est,
381 2205 512 2263 senem,
529 2182 592 2272 qui
615 2204 653 2250 se
673 2181 768 2250 beati
786 2181 972 2274 Cypriani,
991 2184 1070 2276 jam
1090 2206 1199 2277 gran-

154 2301 209 2369 dis
231 2300 360 2380 aetatis,
378 2298 570 2379 notarium,
588 2319 669 2366 cum
690 2299 767 2387 ipse
791 2299 983 2368 admodum
1007 2308 1098 2368 esset
1115 2300 1199 2368 ado-

154 2418 297 2497 lescens,
316 2414 444 2484 Romae
463 2413 593 2481 vidisse
616 2412 772 2497 diceret3
799 2413 1008 2503 referreque
1024 2414 1092 2482 sibi
1116 2415 1199 2482 soli-

155 2539 245 2612 tum,
263 2552 460 2620 numquam
478 2522 719 2619 cyprianumf
738 2528 871 2617 absque
889 2527 1105 2597 Tertulliani
1131 2530 1200 2597 lec-

156 2647 252 2715 tione
277 2667 391 2714 unum
415 2646 510 2713 diern
532 2643 754 2733 praeterisse:
781 2665 822 2712 ac
843 2644 911 2713 sibi
933 2645 1055 2713 crebro
1072 2645 1200 2727 dicere,

156 2757 227 2831 Da
249 2756 486 2853 magistrum
513 2757 778 2828 Tertullianum
801 2759 966 2829 videlicet
986 2759 1200 2852 significans.
1316 2818 1317 2821 η

160 2877 231 2946 Hic
257 2899 338 2945 cum
365 2897 479 2965 usque
506 2873 551 2942 ad
579 2875 734 2943 mediam
761 2883 905 2945 aetatem
934 2877 1121 2966 presbyter
1148 2900 1202 2958 ec-

159 2995 275 3062 clesiae
299 2992 562 3081 permansisset,
582 2989 719 3059 invidia
743 3000 893 3081 postea&
917 3000 954 3060 et
978 2994 1201 3063 contumeliis

160 3110 367 3177 clericorum
397 3105 572 3175 Romanae
602 3107 769 3187 ecclesiae,
799 3107 846 3174 ad
876 3105 1041 3173 Montani
1072 3107 1203 3198 dogma

161 3223 337 3313 delapsus,
355 3223 393 3291 in
415 3222 538 3290 multis
560 3220 660 3288 libris
681 3242 786 3288 novae
802 3220 1000 3310 prophetiae
1017 3222 1201 3307 meminit}

161 3340 360 3430 specialiter
386 3344 505 3404 autern
532 3336 721 3403 adversum
751 3337 933 3404 ecclesiam
962 3335 1078 3404 texuit
1103 3338 1204 3405 volu-

161 3457 260 3524 mina
269 3449 297 3535 h,
316 3455 359 3522 de
376 3450 567 3532 Pudicitia,
586 3452 629 3519 de
646 3450 907 3533 Persecutione,
921 3452 964 3519 de
976 3450 1001 3519 J
1001 3452 1142 3543 ejuniis,
1159 3452 1203 3521 de

162 3568 405 3660 Monogamia‚
435 3567 479 3634 de
512 3564 654 3634 Ecstasi
688 3566 798 3634 libros
828 3588 902 3647 sex,
931 3574 967 3634 et
1000 3567 1203 3656 septimum,

162 3706 268 3773 quem
287 3682 476 3751 adversum
492 3678 726 3770 Apollonium
744 3683 952 3772 composuit.
1003 3681 1204 3771 Ferturque

162 3800 294 3868 vixisse
316 3819 429 3887 usque
449 3797 495 3864 ad
517 3797 733 3886 decrepitam
756 3807 910 3879 aetatem,
927 3805 964 3866 'et
980 3800 1104 3879 multa,
1121 3819 1203 3887 quae

162 3937 234 3984 non
251 3921 393 3983 exstant
399 3909 422 4012 J,
440 3909 610 4002 opuscula
625 3912 834 3982 condidisse.

459 4059 540 4116 Joan.
553 4058 664 4115 Alberti
676 4058 800 4114 Fabricii
813 4059 904 4116 Nota.

205 4173 220 4205 1²
240 4164 285 4219 De
299 4163 419 4218 Victore
433 4180 460 4218 c.
472 4178 521 4234 34.
537 4161 574 4218 de
587 4161 744 4236 Apollonio
759 4172 893 4218 senatore
907 4161 991 4217 Rom.
1007 4177 1033 4215 c.
1042 4174 1093 4229 42.

204 4257 220 4301 b
242 4259 385 4316 Eusebius
399 4257 508 4315 Chron.
530 4257 606 4314 Vide
620 4255 696 4313 infra
712 4267 798 4314 notas
816 4256 856 4313 H.
869 4254 979 4312 Grovii.
1017 4250 1121 4308 Africa
1138 4269 1204 4326 pro-
