2678 4830
243 329 294 393 IN
312 326 555 392 TERTULL.
570 326 635 391 DE
652 327 946 392 PRAESCRIPT.
963 326 1092 390 HAER.
1137 328 1202 393 207

157 499 334 586 subjecerit,
352 501 486 571 Quorum
502 499 727 562 hereticorum:
747 497 879 562 daturus
897 496 1011 561 scilicet
1024 497 1201 584 catalogum

156 608 276 662 eorum,
292 608 372 670 quos
393 583 529 682 generali
551 585 783 672 praescriptione
802 584 1031 648 submonendas
1051 599 1200 664 censeret,

154 695 192 735 ac
215 671 327 734 deinde
348 670 474 755 incipiat
497 670 696 757 opusculum,
720 672 819 734 Taceo
840 671 918 732 enim
934 669 1088 733 Judaismi
1110 672 1202 733 luere-

158 758 242 834 licor,
257 756 343 842 quod
362 755 478 820 idcirco
496 757 600 842 portio
614 779 649 820 ac
670 756 794 842 sequela
810 755 1016 842 praecedentis
1036 756 1200 833 habeatur,

157 856 385 928 proptereaque
411 841 522 905 nullibi
546 841 675 905 citatum
699 843 739 905 ab
764 840 895 905 authore
924 841 1088 926 separatim
1114 865 1202 927 repe-

157 929 266 992 riatur.
312 928 409 991 Stilus
428 946 511 991 certe
531 950 593 991 non
611 927 758 991 absimilis
776 927 902 991 videtur
921 927 1120 1013 Septimiano.
1160 929 1200 990 In

157 1014 346 1100 quibusdam
360 1036 434 1077 vero
449 1014 679 1100 exemplaribus
698 1013 847 1101 praecedit
867 1012 981 1076 librum
1002 1015 1053 1077 De
1069 1016 1200 1077 Praescr.

158 1101 400 1163 Haereticorum.
426 1100 570 1162 Rronnr.
609 1100 654 1176 Si,
667 1115 703 1162 ut
717 1099 886 1184 opinantur
898 1099 1046 1176 Annius,
1060 1098 1206 1163 Noessel-'

158 1201 219 1263 tuS,
232 1186 358 1272 aliique,
368 1199 438 1271 post
452 1184 639 1248 Tertulliani
655 1184 776 1271 lapsum
792 1185 982 1270 compositus
996 1185 1090 1248 fuerit
1105 1185 1156 1248 hic
1167 1184 1202 1247 li-

158 1272 214 1335 ber
222 1274 274 1335 De
284 1272 579 1352 Praeamiptiona'bos,
592 1286 659 1335 tum
672 1294 746 1334 vero
757 1271 822 1334 duo
836 1270 887 1334 isti
900 1285 1050 1335 tractatus
1065 1271 1203 1334 diversos

157 1370 300 1421 auctores
318 1357 453 1420 habeant
472 1356 599 1419 omnino
619 1379 740 1419 necesse
754 1357 845 1420 foret.
891 1357 990 1419 Haud
1008 1381 1107 1442 pauca
1121 1357 1202 1420 enim

159 1458 267 1506 contra
289 1441 436 1505 Montani
459 1442 599 1505 haeresim
622 1442 655 1504 in
676 1443 860 1528 appendice,
881 1465 975 1528 quem
994 1457 1114 1520 vocant,
1134 1465 1202 1529 cap.

159 1527 278 1614 penult.
294 1529 480 1591 afferuntur.
521 1529 604 1591 Rem
619 1551 692 1591 vero
705 1527 795 1591 aliter
809 1552 841 1591 se
855 1529 969 1591 habere
984 1527 1065 1591 circa
1080 1551 1205 1614 compo-

160 1614 312 1690 sitionem,
326 1637 420 1698 quam
432 1628 570 1698 crepant,
584 1612 655 1676 libri
666 1617 704 1676 de
716 1614 846 1678 Prtercr.
857 1630 928 1701 post
941 1614 1128 1678 Tertulliani
1140 1614 1205 1701 lap

161 1722 241 1775 sum,
258 1722 353 1786 supra
366 1699 515 1786 exposui3
540 1722 634 1784 porro
648 1698 798 1785 scriptum
813 1700 908 1764 fuisse
924 1700 1032 1763 iisdem
1048 1701 1114 1764 fere
1128 1714 1205 1764 tem-

160 1786 290 1872 poribus
313 1799 483 1870 utrumque
505 1785 631 1865 librum,
646 1808 753 1848 omnes
772 1787 858 1872 quod
878 1787 981 1863 sciam,
998 1787 1206 1850 consentiunt.

162 1874 210 1935 At
224 1894 311 1947 vero,
325 1871 383 1934 etsi
402 1869 562 1956 egregium
582 1885 613 1935 et
631 1871 792 1957 probabile
814 1895 894 1959 opus
907 1890 953 1936 est
973 1873 1133 1959 catalogus
1149 1873 1208 1936 iste

161 1957 390 2034 haereticorum,
401 1959 551 2020 Adversus
568 1958 677 2020 Omnes
693 1957 834 2021 Hereaea
847 1958 1033 2045 appellatus,
1046 1959 1209 2044 multaque

162 2044 194 2106 in
219 2067 251 2106 se
274 2043 365 2106 bonae
388 2042 489 2127 frugis
512 2043 648 2107 continet
675 2066 873 2129 nequaquam
899 2043 973 2108 alibi
997 2058 1141 2131 reperta;
1172 2067 1209 2108 ac

162 2143 314 2216 praeterea
335 2128 375 2192 ab
399 2128 606 2215 Hieronymo,
629 2142 666 2192 ut
688 2129 837 2193 indicabit
860 2129 1029 2216 Rigaltius,
1052 2130 1209 2194 adductus

163 2229 227 2288 est;
251 2214 338 2278 haud
353 2213 426 2277 satis
441 2227 543 2277 tamen
563 2212 727 2278 convenire
747 2215 830 2278 idem
850 2216 976 2279 videtur
995 2239 1068 2279 cum
1082 2239 1210 2302 operea

166 2300 363 2365 Tertulliano
386 2323 482 2386 supra
493 2299 664 2397 promisso,
687 2300 718 2362 in
741 2323 806 2386 quo
831 2301 961 2388 singulis
985 2301 1156 2365 haeresibus
1178 2325 1210 2366 se

163 2409 385 2473 responsurum
397 2409 462 2448 esse
473 2400 531 2458 art;
548 2408 605 2448 nec
617 2386 678 2448 vim
692 2386 832 2471 salesque
847 2387 995 2451 orationis
1011 2387 1210 2486 Septimianae

164 2472 348 2558 assequitur.
403 2473 497 2535 Certe
521 2494 593 2556 pars
618 2471 716 2557 hujus
737 2471 833 2535 libelli
853 2475 905 2537 De
927 2474 1211 2556 Praescrrptionibus

165 2574 301 2622 nonest.
343 2560 457 2642 Neque
478 2580 497 2619 a
519 2558 615 2642 Lupo
636 2570 691 2620 aut
715 2556 898 2637 Thomasio,
914 2558 969 2645 qui
992 2559 1118 2645 utrique
1140 2576 1212 2647 post

166 2644 340 2731 Rigaltium
355 2643 488 2707 eundem
504 2642 683 2722 ediderunt,
698 2642 785 2708 libris
799 2643 863 2708 suis
875 2644 1039 2708 conclusus
1053 2661 1110 2709 est.
