2678 4830
292 472 295 477 ’
345 538 392 638 s.
426 537 949 640 Hieronrrus

510 799 781 850 ...φ-.-

191 994 227 1064 S.
247 993 551 1074 HIEuoNYMUS,
569 989 655 1062 Lib.
673 989 739 1063 Dc
761 989 863 1062 Viris
880 989 1105 1078 Illustribua,

311 1134 387 1202 cap.
401 1112 465 1181 lxi.
480 1131 562 1203 pag.
576 1113 658 1180 138.
677 1112 759 1181 edit.
777 1110 984 1182 FABRIcn.

129 1233 192 1346 H
195 1274 485 1348 IPPOLYTUS
503 1277 688 1370 cujusdam
702 1279 879 1346 ecclesiaea
895 1279 1078 1369 episcopus
1093 1277 1169 1368 (no-

126 1415 207 1462 men
220 1395 353 1485 quippe
363 1395 465 1465 urbis
482 1395 571 1464 scire
588 1417 660 1464 non
676 1397 793 1488 potui)
807 1397 981 1466 rationem
997 1389 1169 1466 Paschaeb

126 1517 397 1602 temporumque
423 1512 586 1582 Canones
612 1512 766 1601 scripsit,
795 1535 908 1603 usque
937 1514 983 1582 ad
1012 1514 1169 1603 primum

127 1648 260 1696 annum
283 1628 483 1699 Alexandri
510 1628 741 1718 Imperatoris
764 1637 800 1697 et
821 1631 971 1699 sedecim
994 1652 1168 1700 annorum

127 1744 309 1827 circulum,
323 1768 429 1835 quem
442 1744 561 1814 Gracci
579 1738 857 1839 irrarlecaerypsba
869 1754 1008 1827 vocant,
1021 1747 1168 1836 reperit:

127 1868 162 1927 et
179 1857 339 1930 Eusebio
350 1871 374 1942 ⁰,
392 1862 455 1952 qui
474 1883 581 1950 super
603 1861 725 1929 eodem
747 1860 879 1950 pascha
901 1860 1093 1942 Uarronem,
1111 1861 1170 1927 de-

127 1985 252 2045 cernet
268 2000 396 2047 novem
415 2000 590 2046 annorum
607 1977 790 2057 circulum,
804 1978 841 2046 id
858 1985 923 2058 est,
937 1974 1171 2046 ἐννεακαιδεκαε-

128 2087 233 2187 τηρῶα
249 2095 458 2184 composuit,
476 2095 692 2163 occasionem
709 2095 817 2163 dedit.
851 2093 1001 2184 Scripsit
1018 2095 1170 2163 nonnul-

128 2211 179 2279 los
201 2211 241 2279 in
266 2209 468 2300 Scripturas
494 2211 776 2291 commentarios,
801 2233 821 2279 c
846 2210 975 2300 quibus
1001 2210 1067 2279 hos
1092 2232 1171 2299 rep-

128 2328 225 2416 peri:
242 2328 281 2395 in
298 2326 468 2422 ἑξαῆμερον,
485 2336 521 2396 et
538 2328 576 2395 in
593 2323 798 2407 Exodumd,
816 2328 853 2394 in
871 2327 1060 2395 Canticum
1077 2324 1171 2395 Can-

128 2444 310 2525 cicorume,
323 2445 362 2512 in
375 2443 542 2524 Genesin,
556 2451 592 2512 et
608 2444 645 2512 in
660 2438 901 2512 Zachariamf:
920 2444 963 2511 de
981 2442 1134 2512 Psalmis
1144 2454 1170 2526 Β,

129 2568 164 2627 et
181 2560 220 2629 in
237 2558 397 2640 Esaiam,
415 2561 459 2628 de
476 2558 637 2638 Daniele,
651 2557 694 2626 de
711 2557 942 2649 Apocalypsi,
959 2559 1003 2627 de
1020 2557 1172 2629 Prover-

130 2675 209 2758 biis,
227 2677 271 2744 de
292 2673 517 2756 Ecclesiaste,
535 2675 579 2743 de
596 2672 683 2742 Saul
700 2683 736 2743 et
759 2673 987 2766 Pythonissa,
1004 2676 1049 2746 de
1064 2674 1172 2746 Anti-

130 2792 263 2862 christo
273 2786 302 2874 h,
318 2793 362 2861 de
380 2791 652 2861 Resurrectione
662 2786 682 2873 i,
700 2801 824 2895 contra
847 2792 1068 2863 Marcionem
1080 2786 1110 2872 ¹¹,
1127 2792 1172 2860 de

131 2909 270 2980 Pascha
279 2904 300 2991 ¹,
326 2910 515 2978 adversum
538 2931 659 2977 omnes
684 2908 886 2991 haeresesm,
912 2917 949 2978 e‘t
973 2904 1173 3005 προσομιλῖαν

130 3028 173 3095 de
189 3026 295 3096 laude
311 3025 458 3095 Domini
477 3025 671 3095 Salvatoris
683 3036 720 3094 ¹¹:
743 3027 781 3094 in
799 3049 880 3117 qua,
898 3035 1073 3117 praesente
1091 3025 1172 3095 Ori-

130 3166 229 3236 gene,
247 3165 284 3212 se
301 3143 399 3233 loqui
416 3144 453 3212 in
472 3144 616 3211 ecclesia
632 3143 818 3235 significat.

427 3312 509 3369 Joca.
524 3312 634 3367 Altera·
647 3311 770 3367 Fabricii
783 3312 874 3370 Notae.

171 3439 187 3470 ⁸
207 3427 350 3485 Eusebius
363 3427 417 3484 Vl.
432 3444 479 3484 20.
497 3438 564 3502 post
583 3427 730 3503 Beryllum
750 3439 1027 3484 commemoratum:
1050 3427 1173 3486 ὡσαύτως

132 3529 160 3583 δὲ
181 3529 222 3582 καὶ
238 3527 393 3583 Ἱππόλυτος
411 3527 500 3598 ἑτέρας
516 3548 567 3580 που
586 3528 628 3580 καὶ
643 3528 720 3582 αὐτὸς
733 3529 868 3600 προεστὼς
882 3528 1028 3597 ἐκκλησίας.
1071 3526 1173 3584 Varias

132 3634 264 3680 veterum
280 3635 310 3681 et
322 3623 485 3680 recentium
499 3623 536 3679 de
549 3622 615 3679 loco
633 3623 814 3698 episcopatus
833 3623 996 3699 Hippolyti,
1012 3642 1099 3698 quem
1114 3623 1172 3680 Eu-

133 3722 229 3778 sebius
241 3733 270 3779 et
285 3723 482 3798 Hieronymus
495 3722 675 3799 ignorarunt,
686 3721 892 3779 hariolationes
906 3723 1032 3797 praemisi
1042 3721 1173 3798 Opuscu-

132 3820 168 3876 lis
187 3821 280 3878 sancti
298 3820 443 3896 martyrIs,
460 3839 524 3895 quae
539 3819 663 3876 collecta
675 3819 800 3896 junctim
815 3819 892 3876 edidi
906 3819 1067 3898 Hamburg.
1087 3820 1173 3893 1716.

134 3929 164 3974 et
181 3918 268 3992 1718.
284 3918 397 3975 duobus
409 3919 505 3993 parvis
519 3918 606 3974 tomis
619 3917 650 3973 in
663 3916 713 3974 fol.
751 3919 957 3995 (Hippolytum
971 3920 1100 3976 Arabum
1114 3937 1175 3975 me-

135 4017 256 4093 tropolis
270 4018 439 4093 episcopum
453 4016 552 4082 fuisse,
567 4016 659 4073 literis
676 4016 825 4073 mandavit
843 4017 948 4074 saeculo
968 4017 1070 4093 quinto
1087 4015 1173 4073 Gela-

136 4115 195 4173 sius
213 4135 289 4192 papa
305 4116 454 4172 Romanus
470 4116 502 4171 in
518 4114 691 4172 testimoniis
700 4115 746 4170 De
755 4115 870 4171 Duabus
881 4115 1040 4172 Notarium
1055 4113 1173 4182 Christo,

136 4225 207 4271 tom.
219 4213 303 4271 Vlll.
319 4212 449 4271 Bibliotb.
465 4213 528 4270 ΡΡ.
545 4212 614 4270 edit.
631 4212 723 4289 Lugd.
737 4232 767 4287 p.
779 4215 861 4286 704.)
