2678 4830
152 312 217 381 136
505 313 847 379 TERTULLIANI

6 505 94 557 usin
121 512 127 521 ·
153 487 201 561 rit
223 487 335 560 Paulo
354 484 629 584 reprehendenti
648 500 899 561 antecessores.
952 486 1148 559 Possumus
1167 497 1208 560 et

155 603 216 676 hic
237 602 332 676 Acta
349 600 608 702 Apostolorum
636 601 910 702 repudiantibus
935 601 1078 676 dicere:
1102 602 1204 703 prius

21 760 26 771 ·
154 734 221 810 est,
233 719 286 793 uti
304 717 500 791 ostendatis
518 718 598 816 quis
615 718 682 792 iste
700 719 843 809 Paulus,
860 732 897 793 et
914 716 1001 816 quid
1019 731 1101 792 ante
1119 745 1209 819 apo-

156 839 301 926 stolum,
319 848 356 909 et
371 833 556 933 quomodo
573 835 777 936 apostolus:
804 848 983 934 quatenus
1001 849 1039 910 et
1055 836 1142 909 alias
1159 836 1206 910 ad

22 992 26 997 ·
155 953 371 1052 quaestiones
395 950 592 1050 plurimum
618 979 661 1025 eo
685 964 847 1027 utuntur.
897 952 1032 1050 Neque
1052 952 1150 1026 enirn
1174 951 1231 1042 sis

157 1071 234 1172 ipse
258 1096 295 1142 se
319 1069 523 1168 apostolum
541 1067 586 1141 de
603 1080 832 1168 persecutore
854 1071 1055 1169 profitetur,
1073 1069 1208 1144 sufficit

79 1227 104 1260 v.
157 1186 353 1283 unicuique
378 1185 582 1259 examinate
607 1185 779 1277 credenti,
807 1186 952 1285 quando
977 1213 1045 1260 nec
1074 1187 1209 1260 Domi-

157 1331 225 1378 nus
251 1303 330 1402 ipse
355 1301 400 1376 de
426 1329 463 1375 se
490 1302 741 1376 testimonium
767 1301 910 1377 dixerit.
962 1301 1033 1376 Sed
1059 1303 1208 1378 credant

158 1419 235 1495 sine
261 1418 457 1518 scripturis,
483 1432 523 1491 ut
550 1417 697 1491 credant
722 1416 890 1492 adversus
913 1418 1129 1519 scripturas:
1154 1434 1208 1494 ta-

62 1564 69 1578 ·
159 1564 243 1613 men
262 1536 417 1609 doceant
437 1561 482 1608 ex
506 1561 560 1626 eo,
577 1535 674 1634 quod
701 1535 857 1634 allegant
879 1536 1025 1609 Petrum
1051 1564 1071 1610 a
1095 1538 1256 1611 Pauloro

159 1653 429 1754 reprehensum,
447 1651 553 1725 aliam
581 1651 755 1750 evangelii
782 1651 937 1725 formam
965 1680 985 1725 a
1011 1654 1123 1728 Paulo
1149 1682 1210 1728 su-

158 1769 381 1871 perductam,
411 1768 500 1842 citra
526 1795 621 1855 earn,
644 1795 753 1866 quam
777 1769 998 1868 praerniserat
1022 1771 1147 1865 Petrus
1170 1786 1209 1847 et

159 1886 280 1961 ceteri.
328 1884 444 1983 Atqui
469 1883 678 1958 demutatus
701 1884 739 1956 in
763 1884 1033 1983 praedicatorem
1057 1885 1102 1959 de
1127 1914 1211 1986 per-

160 2015 333 2091 secutore,
359 2000 549 2076 deducitur
574 2001 617 2076 ad
644 2003 769 2077 fratres
796 2030 817 2075 a
842 2003 1023 2094 fratribus,
1049 2017 1090 2078 ut
1114 2031 1208 2079 unus

159 2147 207 2194 ex
231 2119 411 2208 fratribus,
437 2132 474 2193 et
503 2119 548 2192 ad
576 2121 654 2193 illos
684 2122 730 2193 ab
759 2120 842 2209 iltis,
868 2120 930 2219 qui
962 2123 1008 2194 ab
1038 2125 1208 2221 apostolis
1222 2149 1255 2210 15

160 2236 271 2313 tidem
289 2238 491 2311 induerant.
531 2237 693 2328 Dehinc,
711 2238 804 2312 sicut
822 2238 898 2338 ipse
916 2252 1067 2328 enarrat,
1086 2266 1210 2314 ascen-

159 2354 214 2430 dit
237 2355 531 2455 Hierosolymam
556 2354 794 2453 cognoscendi
819 2355 913 2427 Petri
932 2382 1050 2446 causa,
1068 2382 1112 2428 ex
1130 2356 1210 2429 offi-

162 2473 218 2546 cio
244 2487 281 2547 et
300 2472 384 2570 jure
410 2471 547 2546 scilicet
571 2471 732 2569 ejusdem
760 2471 844 2547 fidei
871 2486 908 2546 ct
933 2473 1211 2572 praedicationis.

162 2590 261 2664 Nam
281 2603 317 2663 et
340 2589 391 2662 illi
416 2616 489 2663 non
509 2603 628 2663 essent
647 2589 810 2662 admirati
830 2588 875 2662 de
891 2604 1119 2688 persecutore
1135 2589 1212 2663 fac-

161 2719 242 2780 tum
269 2706 550 2804 praedicatorem,
576 2707 605 2779 si
632 2706 768 2804 aliquid
794 2706 1010 2780 contrarium
1037 2705 1211 2805 praedica·
1221 2740 1260 2780 20

162 2836 238 2908 ret;
266 2849 332 2896 nec
362 2823 564 2896 Dominum
595 2837 767 2921 praeterea
795 2823 1098 2921 magnificassent,
1127 2825 1213 2922 quia

49 2959 75 3009 .·
103 3024 109 3038 ι
165 2938 384 3013 adversarius
402 2938 478 3034 ejus
497 2940 629 3012 Paulus
647 2941 850 3013 obvenerat.
888 2939 1016 3038 Itaque
1034 2954 1071 3014 et
1088 2941 1213 3014 dexte-

66 3058 118 3140 ris
163 3082 240 3128 ram
268 3054 299 3126 ei
326 3054 514 3146 dederunt,
540 3056 683 3154 signum
712 3054 911 3129 concordiae
937 3071 980 3157 etw
999 3057 1213 3130 convenien-

163 3170 242 3247 tiae:
267 3183 305 3244 et
326 3171 420 3245 inter
443 3198 481 3245 se
503 3170 792 3245 distributionem
816 3171 922 3246 officii
948 3171 1212 3263 ordinaverunt,

162 3315 234 3363 non
255 3289 516 3387 separationem
535 3288 736 3387 evangeiii:
763 3316 831 3362 nec
852 3302 894 3362 ut
915 3288 1013 3362 aliud
1031 3288 1130 3377 alter,
1149 3289 1210 3362 sed
1223 3320 1259 3381 25

163 3416 204 3475 ut
226 3402 304 3475 aliis
328 3404 417 3477 alter
441 3403 660 3502 praedicaret,
677 3405 801 3477 Petrus
826 3407 862 3476 in
888 3405 1213 3497 circumcisionem,

163 3519 297 3591 Paulus
314 3519 352 3592 in
370 3520 543 3594 nationes.
581 3522 753 3595 Ceterum
772 3522 800 3594 si
819 3522 1058 3622 reprehensus
1075 3536 1130 3596 est
1147 3524 1214 3595 Pe-

163 3647 252 3722 trus,
278 3635 387 3731 quod,
415 3663 499 3711 cum
527 3637 744 3711 convixisset
775 3639 941 3732 ethnicis,
971 3653 1098 3740 postea
1125 3665 1162 3712 se
1193 3665 1213 3710 a

164 3749 332 3823 convictu
350 3778 472 3825 eorum
493 3755 679 3852 separabat
692 3780 924 3852 personarum
944 3770 1125 3855 respectu:
1143 3754 1214 3827 uti-

164 3892 235 3966 que
262 3870 540 3943 conversationis
571 3871 641 3944 fuit
669 3871 811 3962 vitium,
838 3899 911 3946 non
938 3871 1264 3972 praedicationis.30

162 3982 251 4058 Non
265 3983 363 4058 enim
382 4011 425 4058 ex
445 3985 514 4060 hoc
532 3987 622 4060 alius
640 3987 758 4075 Deus,
771 4014 879 4084 quarn
897 3989 1056 4080 Creator,
1070 4003 1106 4062 et
1124 3988 1213 4063 alius

165 4100 344 4192 Christus,
361 4130 470 4201 quam
493 4130 538 4176 ex
563 4102 693 4192 Maria,
711 4117 747 4179 et
769 4102 837 4175 alia
859 4130 952 4202 spes,
969 4132 1080 4203 quam
1098 4132 1214 4179 resur-

164 4219 276 4293 rectio
294 4218 583 4295 annuntiabatur.
