2678 4830
105 309 170 373 232
486 307 774 372 FIRMILIANI

106 504 301 581 synagoga,
318 478 404 575 quia
429 505 496 553 nec
522 505 654 578 sponsa
676 491 742 564 est,
763 477 923 551 adultera
945 491 982 550 et
1003 474 1163 549 fornica-

106 596 181 681 ria;
209 594 305 667 unde
325 620 392 668 nec
409 607 530 694 potest
553 595 646 667 lilios
671 595 744 668 Dei
768 620 902 693 parere.
953 593 1037 667 Nisi
1055 593 1085 664 si
1104 620 1159 666 sc-

107 710 267 784 cundum
299 709 397 809 quod
431 711 618 810 Stephano
653 710 804 800 videtur,
835 709 978 783 haeresis
1009 707 1162 805 quidem

108 827 203 928 parit
221 841 258 901 et
274 828 446 927 exponit:
474 827 657 926 expositos
675 839 796 901 autem
815 825 966 899 ecclesia
984 824 1162 923 suscipit3

109 958 147 1018 et
163 971 254 1042 quos
277 972 349 1017 non
374 944 453 1043 ipsa
474 943 653 1043 pepererit
670 970 736 1043 pro
754 943 827 1016 suis
846 942 969 1026 nutrit,
988 967 1071 1015 cum
1089 940 1163 1012 fili·
1171 969 1191 1030 5

110 1088 214 1134 orum
246 1061 444 1133 alienorum
475 1071 591 1132 mater
619 1085 797 1131 essenon
825 1057 949 1156 possit.
1000 1055 1052 1127 Et
1079 1054 1161 1128 ideo

111 1177 278 1250 Christus
310 1176 494 1249 Dominus
524 1188 646 1247 noster
675 1200 786 1247 unam
816 1200 894 1246 esse
924 1172 1161 1245 manifestans

111 1318 280 1394 sponsam
298 1317 413 1382 suam,
430 1305 466 1364 et
490 1290 637 1365 unitatis
659 1289 736 1387 ejus
760 1301 1023 1363 sacramentum
1043 1287 1163 1360 decla-

1 1427 205 1499 ·mamans,
223 1407 293 1482 ait:
321 1408 395 1490 Qui
421 1435 492 1481 non
515 1419 570 1481 est
592 1433 750 1496 mecum,
769 1405 935 1479 adversus
959 1432 1020 1478 me
1042 1418 1107 1495 est,
1125 1417 1163 1477 et

112 1526 175 1626 qui
205 1554 278 1599 non
306 1552 451 1599 mecum
482 1525 631 1624 colligit,
655 1522 802 1623 spargit.
855 1521 893 1594 Si
920 1521 1016 1594 enim
1041 1520 1217 1593 nobis-10

113 1670 199 1717 cum
222 1654 277 1715 est
297 1642 476 1727 Christus,
494 1640 654 1722 haeretici
680 1653 801 1713 autem
828 1665 902 1710 non
930 1650 1015 1710 sunt
1040 1637 1164 1708 nobis-

114 1785 211 1841 cum,
238 1783 302 1853 pro
328 1769 427 1829 certo
453 1756 621 1830 adversus
647 1756 837 1828 Christum
866 1766 952 1826 sunt
978 1753 1162 1826 haeretici:

114 1879 152 1949 et
174 1875 202 1946 si
226 1900 291 1945 nos
316 1873 519 1968 colligimus
537 1900 621 1946 cum
641 1871 799 1962 Christo,
816 1897 888 1943 non
907 1870 1084 1969 colligunt
1099 1897 1164 1943 au-

114 2004 188 2063 tem
208 1988 398 2062 nobiscum
419 1987 590 2077 haeretici,
608 1987 684 2060 sine
702 1987 814 2060 dubio
832 1999 1016 2086 spargunt.

0 2112 71 2226 ¹
71 2192 100 2223 n.
165 2106 236 2179 Xl.
273 2104 344 2178 Sed
375 2131 442 2177 nec
472 2103 562 2177 illud
592 2102 883 2204 praetereundum
913 2115 969 2175 est
998 2118 1025 2175 a·
1047 2101 1214 2192 nobis,15

1 2251 81 2302 .;et
117 2222 215 2322 quod
240 2250 260 2296 a
283 2222 385 2294 vobis
410 2221 610 2294 necessario
631 2220 769 2294 dictum
792 2233 858 2310 est,
882 2218 979 2316 quod
1004 2219 1167 2309 ecclesia,

5 2317 87 2417 'extra
118 2339 318 2415 secundum
336 2339 533 2412 Canticum
550 2338 799 2427 Canticorum,
814 2336 937 2410 hortus
957 2335 1003 2408 sit
1020 2335 1168 2409 conclu-

15 2473 69 2562 ,vj
118 2484 188 2548 sus,
208 2471 244 2530 et
268 2457 349 2529 fons
376 2455 547 2553 signatus,
572 2454 755 2554 paradisus
782 2480 866 2527 cum
893 2453 1011 2526 fructu
1037 2478 1167 2552 pomo-

118 2600 211 2647 rum.
263 2573 336 2656 Qui
360 2584 480 2644 autern
506 2597 693 2668 nunquam
716 2571 754 2643 in
773 2570 871 2642 hunc
889 2569 1036 2641 hortum
1054 2568 1168 2641 intro·

118 2689 247 2776 ierunt,
266 2714 384 2784 neque
401 2685 605 2786 paradisum
627 2714 648 2758 a
665 2686 749 2759 Deo
771 2686 942 2758 Creatore
962 2684 1164 2784 plantatum
1179 2717 1217 2755 20

119 2804 296 2892 viderunt,
307 2801 492 2900 quomodo
505 2801 550 2874 de
563 2801 663 2875 fonte
677 2803 739 2900 qui
762 2803 861 2874 intus
878 2800 1037 2873 inclusus
1053 2815 1118 2890 est,
1131 2814 1168 2875 et

118 2918 239 2992 divino
263 2918 381 3016 sigillo
403 2919 563 3017 signatus
585 2932 651 3009 est,
669 2945 800 3016 aquam
819 2919 937 2992 vivam
960 2917 1090 2990 lavacri
1113 2943 1169 2990 sa-

44 3126 51 3136 ,
120 3035 242 3107 lutaris
265 3035 426 3133 praebere
450 3034 556 3107 alicui
582 3035 775 3132 poterunt?
818 3035 914 3108 Cum
933 3061 1016 3106 vero
1034 3046 1070 3106 et
1088 3060 1168 3107 arca

44 3192 47 3196 ’
118 3151 202 3225 Noe
224 3150 315 3223 nihil
340 3151 436 3224 aliud
457 3150 565 3225 fuerit
585 3177 695 3248 quam
720 3164 986 3225 sacramentum
1010 3149 1168 3223 ecclesiae

119 3266 268 3356 Christi,
283 3293 366 3365 quae
384 3280 474 3341 tunc
491 3267 661 3341 omnibus
680 3267 765 3341 foris
784 3267 1017 3367 pereuntibus
1036 3294 1095 3339 eos
1114 3293 1170 3342 so-
1180 3295 1216 3356 25

121 3384 173 3456 los
195 3383 347 3456 servavit
363 3384 426 3481 qui
450 3384 543 3457 intra
566 3413 684 3458 arcam
709 3383 876 3469 fuerunt3
905 3383 1093 3456 manifeste
1115 3383 1170 3454 in-

122 3499 293 3571 struimur
306 3499 350 3572 ad
365 3499 524 3572 ecclesiae
537 3502 713 3574 unitatem
731 3500 1029 3600 perspiciendam,
1043 3526 1171 3597 quem·

1 3651 3 3670 ·
123 3613 318 3688 admodum
336 3627 374 3687 et
392 3617 575 3714 apostolus
594 3618 720 3690 Petrus
741 3611 875 3717 posuit,
892 3616 1038 3690 dicens:
1057 3616 1172 3688 sicet

121 3757 185 3804 vos
204 3730 369 3803 similiter
387 3731 502 3804 salvos
516 3731 625 3804 faciet
643 3734 843 3833 baptisma:
862 3732 1066 3819 ostendam,
1081 3757 1172 3828 quo-

124 3848 219 3921 niam
239 3846 424 3945 quomodo
445 3848 508 3944 qui
535 3874 619 3922 cum
645 3849 728 3923 Noe
751 3851 798 3925 in‘
813 3878 894 3925 arca
915 3878 988 3924 non
1013 3851 1170 3930 fuerunt,
1180 3883 1221 3940 30

123 3993 194 4039 non
214 3977 357 4039 tantum
375 3965 519 4062 purgati
537 3977 575 4038 et
592 3966 715 4040 salvati
739 3995 804 4068 per
824 3994 956 4065 aquam
977 3995 1049 4041 non
1075 3979 1171 4054 sunt,

121 4082 184 4155 'sed
201 4081 329 4156 statim
356 4079 493 4154 diluvio
516 4080 579 4154 illo
602 4083 808 4181 perierunt3
836 4085 887 4157 sic
910 4097 948 4157 et
971 4109 1069 4157 nunc
1093 4082 1173 4182 qni-

124 4225 267 4296 cunque
284 4198 321 4272 in
340 4197 491 4273 ecclesia
506 4225 590 4273 curn
609 4200 756 4274 Christo
773 4226 846 4274 non
864 4214 959 4293 sunt,
976 4200 1061 4274 foris
1078 4200 1173 4300 peri-
