2678 4830
28 1091 29 1096 ’
126 1109 236 1173 resque
244 1084 425 1172 scriptores,
441 1102 511 1152 uta
525 1090 578 1152 Jo.
593 1088 698 1153 Millio
711 1103 906 1155 annotatum.

222 320 272 383 IN
294 321 325 384 S.
344 321 613 385 HIPPOL'YTI
636 323 831 387 CONTRA
852 322 1070 387 NOETUM.
1124 327 1164 388 81

168 491 206 556 P.
216 506 269 574 50.
287 489 307 553 l.
324 492 373 553 16:
398 491 472 554 Hoc
486 491 554 556 looo
568 493 717 557 excidisse
732 493 890 559 videbitur
904 494 1018 580 cuique
1032 515 1105 557 mox
1121 517 1166 575 se-¹

126 575 252 661 quentia
265 575 436 639 conferenti
450 581 525 655 μετὰ
538 576 733 658 δικαιοσύνης.

167 662 209 724 Ρ.
221 675 277 745 51.
297 659 318 723 l.
333 681 364 744 9.
389 663 437 726 καί
457 666 498 747 τῷ
519 666 668 748 μυστηρίῳ
689 669 740 744 τῆς
761 664 943 751 οἰκονομίας]
960 664 1078 728 Confer
1094 686 1167 749 quae

126 769 197 896 οἷς
216 757 412 832 sequuntur.'
449 749 565 811 Verum
585 748 701 826 malim,
725 753 798 813 κατὰ
819 749 853 812 τὸ
872 749 1033 831 μυστήριον
1055 752 1168 813 οἰκονο-

176 857 199 897 ς.

125 858 146 912 μ
168 915 362 998 Ibid.l.17.
384 922 438 981 τοῦ
459 920 628 1000 ἐγείραντος
649 920 781 1000 Χριστὸν
801 919 935 1006 Ἰησοῦν]
952 920 1032 982 Jesu
1054 941 1167 982 nomeu

126 999 272 1066 hocloco
292 1000 416 1066 addunt
433 996 586 1089 Epistolae
602 1004 642 1067 ad
661 1007 755 1068 Rom.
777 1004 898 1069 codices
919 1003 1061 1151 puidam,
1081 1018 1166 1068 vete·

960 1111 1070 1153 Annio.

168 1174 209 1237 P·¹
218 1191 273 1258 52.
286 1171 309 1235 l.
320 1192 351 1253 4.
374 1176 523 1238 ἐδείκνυεν
536 1175 696 1256 μυστήριον
711 1177 892 1262 οἰκονομίας]
909 1173 1039 1238 Excidit
1052 1174 1167 1239 articu-

126 1257 176 1322 lus
188 1269 262 1321 ante
274 1257 446 1340 μυστήριον.

169 1341 254 1407 Ibid.
273 1341 294 1405 l.
310 1364 344 1427 9.
366 1347 458 1411 ὅντως
475 1343 636 1426 μυστήριον
653 1346 834 1433 οἰκονομίας]
852 1346 1000 1432 Legerim
1015 1349 1049 1409 ἐν
1063 1349 1102 1430 τῷ
1117 1371 1169 1424 μν-

128 1431 234 1514 στηρίῳ
248 1431 425 1509 οἰκονομίας.

169 1516 207 1578 Ρ.
220 1532 277 1599 53.
297 1512 317 1577 l.
331 1530 364 1599 5.
388 1518 430 1582 εἰς
445 1513 506 1597 (ὃς)
523 1514 556 1578 τὸ
580 1515 679 1579 κοινὸν
699 1518 794 1594 ὄνομα
809 1517 877 1600 ho]
896 1515 959 1579 His
974 1514 1170 1579 similiaaffe-

128 1619 197 1667 reus
210 1597 413 1686 Epiphanius
428 1599 460 1662 in
481 1600 611 1664 Haeresi
625 1599 688 1663 lvii.
704 1623 791 1664 num.
805 1601 836 1663 8.
853 1602 903 1678 ὥς,
918 1622 981 1663 non
996 1604 1046 1674 εἰς,
1062 1601 1168 1678 habet,

130 1683 181 1748 ubi
196 1683 229 1750 bs
241 1685 457 1782 reponendum
470 1707 536 1748 esse
549 1699 632 1749 recte
646 1685 768 1759 monuit
783 1685 940 1749 Petavius.
987 1687 1112 1750 Interea
1125 1684 1169 1749 lo-

128 1791 198 1833 cum
212 1782 317 1848 vertit,
330 1783 480 1856 tanquam
496 1770 520 1833 si
540 1769 705 1834 invenisset
719 1773 761 1838 εἰς
775 1771 961 1835 Turrianns.
1008 1773 1089 1835 Mox
1111 1794 1170 1858 pro

128 1858 211 1918 τοῦτο
225 1853 321 1918 habet
334 1858 426 1922 οὕτως
439 1855 646 1941 Epiphanius.

170 1938 256 2003 Ibid.
278 1938 300 2003 l.
318 1960 367 2004 11.
390 1939 483 2004 τούτω
505 1942 842 2029 ὀνόματι-καλείσθω]
868 1942 941 2005 Ηος
965 1957 1023 2017 est,
1045 1941 1169 2005 nomine

129 2025 209 2088 Fibii
221 2025 367 2090 hominis.
394 2005 481 2089 Illuti
496 2025 590 2104 euim,
605 2031 691 2090 τοῦτο
707 2025 756 2090 ἀπ’
771 2029 863 2109 ἀρχῆς
877 2029 959 2101 ὄντα,
976 2049 996 2090 a
1011 2027 1171 2090 Turriano

128 2109 295 2197 interprete
305 2110 392 2175 haud
403 2109 565 2175 inventum
579 2135 618 2175 ex
633 2111 736 2197 glossa
750 2110 930 2197 importuna
943 2112 1100 2198 adjectum
1113 2126 1168 2175 est.

170 2197 209 2260 P.
219 2213 275 2281 54.
297 2195 317 2259 l.
332 2217 365 2280 9.
388 2195 487 2277 Ὀρῶν
501 2198 553 2261 τὸν
568 2197 665 2280 Θεὸν]
683 2198 735 2260 Ita
749 2196 925 2284 expositum
940 2221 1006 2262 esse
1024 2219 1044 2260 a
1062 2195 1170 2260 multis

130 2303 241 2345 nomen
255 2282 370 2360 Israel,
385 2281 521 2346 ostendit
536 2281 710 2346 Fabricius.

172 2365 255 2430 Ibid.
271 2365 292 2430 l.
312 2387 361 2430 10.
385 2369 497 2452 ὀπαῖς]
518 2366 629 2446 Filius,
646 2383 681 2431 ut
695 2367 778 2430 infra
791 2391 819 2431 c.
832 2384 860 2450 7.
876 2381 908 2431 et
925 2368 956 2430 8.
980 2367 1088 2429 ann.

171 2449 257 2515 Ibid.
271 2450 296 2515 l.
315 2455 363 2516 16.
387 2451 420 2518 bs
435 2453 483 2517 ἐπὶ
496 2457 551 2534 γῆς
565 2453 663 2536 ὤφθη]
683 2452 834 2516 Conferas
849 2474 917 2538 cap.
933 2471 981 2535 13.

170 2539 208 2601 P.
222 2554 280 2621 55.
301 2535 322 2600 l.
342 2556 369 2600 1.
394 2539 546 2622 λαμπρῶς]
571 2540 726 2601 Exstante
747 2538 876 2623 quidem
897 2537 930 2599 in
953 2535 1074 2601 Graecis
1094 2544 1170 2616 λαμ

128 2621 212 2704 πρὸν,
240 2621 295 2686 sed
318 2621 452 2709 legente,
477 2635 514 2686 ut
539 2636 626 2687 notat
656 2622 832 2699 Fabricius,
858 2621 1026 2708 interprete
1053 2620 1169 2684 Latino

74 2736 78 2741 ·
128 2713 278 2789 λαμπρῶς,
293 2707 353 2772 hoo
367 2707 502 2794 reposui.

171 2792 254 2857 Ibid.
272 2791 295 2856 l.
312 2809 343 2875 7.
366 2791 405 2858 ‘0
420 2793 463 2857 hv
477 2795 525 2857 καί
539 2796 556 2856 ὅ
570 2793 617 2872 ἦν,
634 2795 713 2858 καὶὸ
729 2795 889 2876 ἐρχόμενος
903 2795 919 2858 ὅ
935 2793 1043 2861 Θεὸςὸ
1058 2818 1167 2876 παντο-

130 2877 252 2963 κράτωρ]
273 2878 386 2942 Refert
399 2876 544 2943 lectorem
560 2900 652 2941 suurn
668 2878 832 2943 Fabricius
844 2879 886 2943 ad
896 2880 993 2967 Apoc.
1010 2879 1030 2942 i.
1047 2880 1075 2942 8.
1110 2879 1168 2942 At·

152 2986 190 3027 ne
202 2962 246 3027 ibi
260 2963 396 3028 restituit
411 2963 575 3028 lectionem
594 2961 700 3045 Κίριος
717 2967 734 3028 ὁ
754 2964 844 3041 Θεὸς,
860 2987 919 3052 pro
938 2964 1003 3028 solo
1025 2967 1041 3027 ὁ
1062 2962 1169 3045 Κύριος

129 2986 373 3123 8reisbaohius3
397 3049 533 3136 satisque
553 3049 643 3113 nobis
662 3049 808 3147 probabit
822 3051 871 3114 his
886 3049 988 3114 verbis
1003 3047 1169 3135 significari

130 3133 301 3213 Christum,
317 3148 413 3221 prout
431 3135 482 3199 hic
500 3149 606 3199 monet
624 3135 831 3222 Hrppolytus‚
846 3135 969 3199 collatio
990 3155 1101 3197 oomm.
1120 3153 1168 3217 13.

128 3218 223 3305 hujus
244 3243 281 3284 ca
303 3220 354 3284 ‘tis
371 3221 579 3368 Δροσσξριριςίς
599 3243 670 3284 cum
693 3243 805 3285 comm.
825 3235 875 3302 17.
894 3219 1023 3304 aliisque
1045 3216 1170 3292 duobus

129 3305 266 3390 ejusdem
294 3305 353 3370 'bri
366 3305 442 3369 locis
456 3329 499 3370 so)
535 3305 601 3369 xxi.
614 3308 644 3369 6.
661 3319 692 3369 et
707 3306 783 3369 xxii.
798 3323 846 3371 12.
863 3324 913 3388 13.

171 3390 258 3455 Ibid.
272 3389 294 3455 l.
308 3413 340 3477 9.
363 3392 410 3454 καί
424 3392 514 3477 αὐτῷ]
533 3390 719 3476 Legendum
737 3392 784 3454 καὶ
798 3390 893 3456 αὐτός.

172 3474 258 3539 Ibid.
276 3475 299 3539 l.
319 3494 370 3543 12.
394 3478 441 3540 καί
455 3477 575 3541 πάντων
588 3479 701 3561 κρατεῖ]
722 3477 867 3539 Fortasse
886 3473 1065 3560 legendum,
1082 3472 1129 3536 καί

128 3560 247 3626 πάντων
263 3562 371 3643 κρατεῖ.

170 3648 209 3710 Ρ.
225 3648 279 3731 56.
301 3645 322 3710 l.
339 3665 369 3726 4
392 3648 470 3710 Τότε
495 3647 542 3709 καὶ
565 3645 651 3713 αὐτὸς
672 3645 905 3729 ὑποταγήσεται]
930 3644 1033 3708 Abest
1058 3645 1074 3706 ὁ
1096 3643 1168 3718 υἱὸς,

128 3730 215 3816 quod
230 3731 340 3794 Btbtia
359 3731 487 3810 habent,
501 3730 609 3794 itidem
623 3753 643 3794 a
657 3731 795 3818 Vulgata
816 3731 937 3816 Interp.
952 3744 984 3794 et
1001 3728 1069 3792 aliis
1088 3749 1170 3814 prae·

129 3830 175 3880 ter
189 3815 405 3904 Hippolytum
420 3816 563 3881 ecclesiae'
610 3816 717 3880 tribus.
849 3826 853 3833 ’

170 3904 210 3966 Ρ.
220 3916 274 3986 57.
289 3901 313 3966 l.
327 3921 359 3968 ν.
383 3902 564 3966 ἔπιστανέπω
599 3901 730 3988 Corrige
746 3903 907 3964 ἐπίσταιτο.

172 3987 254 4051 lbid.
270 3985 293 4050 1.
310 4007 343 4072 5.
367 3987 436 4050 ἀλλ’
461 3989 510 4052 ἐπὶ
534 3986 586 4051 δύο
610 3988 768 4070 πρόσωπα]
792 3985 1023 4072 Reponendum
1046 3981 1170 4045 videtur

129 4072 202 4145 ἐπεὶ,
213 4087 314 4169 prout
328 4071 422 4136 vertit
438 4071 616 4136 Turrianns
629 4073 789 4159 interpres.

173 4156 256 4220 Ib1d.
279 4156 301 4220 l.
317 4159 348 4221 6.
374 4157 469 4224 Αὐτὸς
483 4161 515 4221 δὲ
530 4158 600 4221 αὐτὸ
616 4158 781 4241 ἀπέλυσεν]
801 4155 1030 4242 Corrigendum
1047 4150 1171 4214 videtur

129 4240 287 4322 ἐπέλυσεν,
305 4256 341 4306 ut
354 4242 437 4306 infra
452 4266 578 4329 qnoque
594 4242 708 4308 ἐπιλύει
723 4265 781 4330 pro
796 4239 931 4306 ἆπολιίει.

650 4349 669 4390 o
