<?xml version="1.0" encoding="UTF-8"?>
<!DOCTYPE html PUBLIC "-//W3C//DTD XHTML 1.0 Transitional//EN"
    "http://www.w3.org/TR/xhtml1/DTD/xhtml1-transitional.dtd">
<html xmlns="http://www.w3.org/1999/xhtml" xml:lang="en" lang="en">
 <head>
  <title>
</title>
<meta http-equiv="Content-Type" content="text/html;charset=utf-8" />
  <meta name='ocr-system' content='tesseract 3.04.00' />
  <meta name='ocr-capabilities' content='ocr_page ocr_carea ocr_par ocr_line ocrx_word'/>
</head>
<body>
  <div class='ocr_page' id='page_1' title='image "./scriptorumeccle00unkngoog_0286.png"; bbox 0 0 2678 4830; ppageno 0'>
   <div class='ocr_carea' id='block_1_1' title="bbox 466 331 1220 404">
    <p class='ocr_par' dir='ltr' id='par_1_1' title="bbox 466 331 1220 404">
     <span class='ocr_line' id='line_1_1' title="bbox 466 331 1220 404; baseline 0.004 -5"><span class='ocrx_word' id='word_1_1' title='bbox 466 336 530 400; x_wconf 91' lang='lat' dir='ltr'>DE</span> <span class='ocrx_word' id='word_1_2' title='bbox 554 335 927 401; x_wconf 84' lang='lat' dir='ltr'>MORTALITATE.</span> <span class='ocrx_word' id='word_1_3' title='bbox 1156 331 1220 404; x_wconf 72' lang='lat'>267</span> 
     </span>
    </p>
   </div>
   <div class='ocr_carea' id='block_1_2' title="bbox 46 506 1323 4297">
    <p class='ocr_par' dir='ltr' id='par_1_2' title="bbox 46 506 1323 4297">
     <span class='ocr_line' id='line_1_2' title="bbox 46 506 1221 594; baseline -0.002 -11"><span class='ocrx_word' id='word_1_4' title='bbox 46 553 49 559; x_wconf 73' lang='lat'><em>=</em></span> <span class='ocrx_word' id='word_1_5' title='bbox 175 534 260 583; x_wconf 84' lang='lat' dir='ltr'>oum</span> <span class='ocrx_word' id='word_1_6' title='bbox 290 518 404 594; x_wconf 82' lang='lat' dir='ltr'>tuum,</span> <span class='ocrx_word' id='word_1_7' title='bbox 435 506 606 593; x_wconf 80' lang='lat' dir='ltr'><em>Domine,</em></span> <span class='ocrx_word' id='word_1_8' title='bbox 635 507 831 581; x_wconf 80' lang='lat' dir='ltr'>secundnm</span> <span class='ocrx_word' id='word_1_9' title='bbox 863 509 1011 582; x_wconf 84' lang='lat' dir='ltr'>verbnm</span> <span class='ocrx_word' id='word_1_10' title='bbox 1045 517 1148 580; x_wconf 84' lang='lat' dir='ltr'>tunm</span> <span class='ocrx_word' id='word_1_11' title='bbox 1181 509 1221 581; x_wconf 85' lang='lat' dir='ltr'>in</span> 
     </span>
     <span class='ocr_line' id='line_1_3' title="bbox 170 622 1221 721; baseline -0.002 -24"><span class='ocrx_word' id='word_1_12' title='bbox 170 648 275 721; x_wconf 86' lang='lat' dir='ltr'>poce,</span> <span class='ocrx_word' id='word_1_13' title='bbox 302 623 471 721; x_wconf 84' lang='lat' dir='ltr'>quoniam</span> <span class='ocrx_word' id='word_1_14' title='bbox 498 622 668 696; x_wconf 84' lang='lat' dir='ltr'>viderunt</span> <span class='ocrx_word' id='word_1_15' title='bbox 698 623 792 696; x_wconf 83' lang='lat' dir='ltr'>oculi</span> <span class='ocrx_word' id='word_1_16' title='bbox 819 622 890 696; x_wconf 71' lang='lat' dir='ltr'>m&#39;ei</span> <span class='ocrx_word' id='word_1_17' title='bbox 915 623 1080 695; x_wconf 84' lang='lat' dir='ltr'>salutare</span> <span class='ocrx_word' id='word_1_18' title='bbox 1109 633 1221 696; x_wconf 82' lang='lat' dir='ltr'>tunm.</span> 
     </span>
     <span class='ocr_line' id='line_1_4' title="bbox 176 737 1222 836; baseline -0.001 -24"><span class='ocrx_word' id='word_1_19' title='bbox 176 740 335 812; x_wconf 90' lang='lat' dir='ltr'>Probans</span> <span class='ocrx_word' id='word_1_20' title='bbox 366 737 503 811; x_wconf 85' lang='lat' dir='ltr'>scilicet</span> <span class='ocrx_word' id='word_1_21' title='bbox 533 752 641 836; x_wconf 88' lang='lat' dir='ltr'>atque</span> <span class='ocrx_word' id='word_1_22' title='bbox 667 752 870 813; x_wconf 89' lang='lat' dir='ltr'>contestans</span> <span class='ocrx_word' id='word_1_23' title='bbox 897 752 985 813; x_wconf 99' lang='grc' dir='ltr'>ωηο</span> <span class='ocrx_word' id='word_1_24' title='bbox 1010 765 1087 811; x_wconf 84' lang='lat' dir='ltr'>esse</span> <span class='ocrx_word' id='word_1_25' title='bbox 1113 739 1222 812; x_wconf 86' lang='lat' dir='ltr'>sorvis</span> 
     </span>
     <span class='ocr_line' id='line_1_5' title="bbox 175 854 1222 955; baseline -0.001 -28"><span class='ocrx_word' id='word_1_26' title='bbox 175 856 248 928; x_wconf 91' lang='lat' dir='ltr'>Dei</span> <span class='ocrx_word' id='word_1_27' title='bbox 265 881 405 955; x_wconf 87' lang='lat' dir='ltr'>pacem,</span> <span class='ocrx_word' id='word_1_28' title='bbox 418 868 505 927; x_wconf 91' lang='lat' dir='ltr'>tuuc</span> <span class='ocrx_word' id='word_1_29' title='bbox 522 856 684 944; x_wconf 82' lang='lat' dir='ltr'>liberam,</span> <span class='ocrx_word' id='word_1_30' title='bbox 698 870 785 930; x_wconf 92' lang='lat' dir='ltr'>tunc</span> <span class='ocrx_word' id='word_1_31' title='bbox 803 855 1032 953; x_wconf 84' lang='lat' dir='ltr'>tranquillam</span> <span class='ocrx_word' id='word_1_32' title='bbox 1050 854 1222 953; x_wconf 88' lang='lat' dir='ltr'>quietem,</span> 
     </span>
     <span class='ocr_line' id='line_1_6' title="bbox 149 970 1225 1069; baseline -0.001 -24"><span class='ocrx_word' id='word_1_33' title='bbox 149 971 323 1069; x_wconf 85' lang='lat' dir='ltr'>squando</span> <span class='ocrx_word' id='word_1_34' title='bbox 346 971 391 1044; x_wconf 89' lang='lat' dir='ltr'>de</span> <span class='ocrx_word' id='word_1_35' title='bbox 417 972 493 1044; x_wconf 90' lang='lat' dir='ltr'>istis</span> <span class='ocrx_word' id='word_1_36' title='bbox 519 972 647 1044; x_wconf 91' lang='lat' dir='ltr'>mundi</span> <span class='ocrx_word' id='word_1_37' title='bbox 672 973 874 1045; x_wconf 86' lang='lat' dir='ltr'>turbinibus</span> <span class='ocrx_word' id='word_1_38' title='bbox 899 971 1048 1044; x_wconf 81' lang='lat' dir='ltr'>extracti</span> <span class='ocrx_word' id='word_1_39' title='bbox 1072 970 1164 1043; x_wconf 87' lang='lat' dir='ltr'>sedis</span> <span class='ocrx_word' id='word_1_40' title='bbox 1187 983 1225 1044; x_wconf 90' lang='lat' dir='ltr'>et</span> 
     </span>
     <span class='ocr_line' id='line_1_7' title="bbox 178 1088 1224 1188; baseline 0.001 -28"><span class='ocrx_word' id='word_1_41' title='bbox 178 1088 378 1161; x_wconf 83' lang='lat' dir='ltr'>securitatis</span> <span class='ocrx_word' id='word_1_42' title='bbox 395 1102 537 1161; x_wconf 83' lang='lat' dir='ltr'>aeternae</span> <span class='ocrx_word' id='word_1_43' title='bbox 554 1100 699 1188; x_wconf 86' lang='lat' dir='ltr'>portum</span> <span class='ocrx_word' id='word_1_44' title='bbox 718 1089 889 1186; x_wconf 89' lang='lat' dir='ltr'>potimus,</span> <span class='ocrx_word' id='word_1_45' title='bbox 902 1088 1047 1186; x_wconf 89' lang='lat' dir='ltr'>quando</span> <span class='ocrx_word' id='word_1_46' title='bbox 1063 1113 1224 1186; x_wconf 89' lang='lat' dir='ltr'>expunc-</span> 
     </span>
     <span class='ocr_line' id='line_1_8' title="bbox 177 1205 1020 1279; baseline -0.001 -1"><span class='ocrx_word' id='word_1_47' title='bbox 177 1219 215 1278; x_wconf 88' lang='lat' dir='ltr'>ta</span> <span class='ocrx_word' id='word_1_48' title='bbox 232 1206 300 1278; x_wconf 91' lang='lat' dir='ltr'>hac</span> <span class='ocrx_word' id='word_1_49' title='bbox 320 1218 435 1278; x_wconf 90' lang='lat' dir='ltr'>morte</span> <span class='ocrx_word' id='word_1_50' title='bbox 454 1205 499 1278; x_wconf 91' lang='lat' dir='ltr'>ad</span> <span class='ocrx_word' id='word_1_51' title='bbox 517 1205 824 1279; x_wconf 88' lang='lat' dir='ltr'>immortalitatem</span> <span class='ocrx_word' id='word_1_52' title='bbox 843 1206 1020 1279; x_wconf 89' lang='lat' dir='ltr'>venimus.</span> 
     </span>
     <span class='ocr_line' id='line_1_9' title="bbox 229 1321 1226 1421; baseline 0 -27"><span class='ocrx_word' id='word_1_53' title='bbox 229 1322 302 1395; x_wconf 94' lang='lat' dir='ltr'>III.</span> <span class='ocrx_word' id='word_1_54' title='bbox 329 1321 398 1393; x_wconf 91' lang='lat' dir='ltr'>Illa</span> <span class='ocrx_word' id='word_1_55' title='bbox 416 1334 471 1394; x_wconf 92' lang='lat' dir='ltr'>est</span> <span class='ocrx_word' id='word_1_56' title='bbox 488 1321 585 1394; x_wconf 88' lang='lat' dir='ltr'>enim</span> <span class='ocrx_word' id='word_1_57' title='bbox 606 1348 687 1394; x_wconf 87' lang='lat' dir='ltr'>vera</span> <span class='ocrx_word' id='word_1_58' title='bbox 703 1349 788 1421; x_wconf 86' lang='lat' dir='ltr'>pax,</span> <span class='ocrx_word' id='word_1_59' title='bbox 806 1322 868 1395; x_wconf 88' lang='lat' dir='ltr'>illa</span> <span class='ocrx_word' id='word_1_60' title='bbox 884 1321 957 1395; x_wconf 87' lang='lat' dir='ltr'>fida</span> <span class='ocrx_word' id='word_1_61' title='bbox 974 1322 1226 1419; x_wconf 89' lang='lat' dir='ltr'>tranquillitas,</span> 
     </span>
     <span class='ocr_line' id='line_1_10' title="bbox 180 1435 1225 1541; baseline 0.002 -33"><span class='ocrx_word' id='word_1_62' title='bbox 180 1435 241 1509; x_wconf 88' lang='lat' dir='ltr'>illa</span> <span class='ocrx_word' id='word_1_63' title='bbox 263 1437 399 1509; x_wconf 89' lang='lat' dir='ltr'>stabilis</span> <span class='ocrx_word' id='word_1_64' title='bbox 422 1451 458 1512; x_wconf 89' lang='lat' dir='ltr'>et</span> <span class='ocrx_word' id='word_1_65' title='bbox 484 1439 588 1510; x_wconf 84' lang='lat' dir='ltr'>firma</span> <span class='ocrx_word' id='word_1_66' title='bbox 609 1451 645 1510; x_wconf 91' lang='lat' dir='ltr'>et</span> <span class='ocrx_word' id='word_1_67' title='bbox 670 1452 843 1539; x_wconf 87' lang='lat' dir='ltr'>perpetua</span> <span class='ocrx_word' id='word_1_68' title='bbox 866 1439 1001 1541; x_wconf 71' lang='lat' dir='ltr'>laetitia.</span> <span class='ocrx_word' id='word_1_69' title='bbox 1045 1439 1225 1512; x_wconf 81' lang='lat' dir='ltr'>Caeterum</span> 
     </span>
     <span class='ocr_line' id='line_1_11' title="bbox 136 1552 1229 1654; baseline -0.001 -25"><span class='ocrx_word' id='word_1_70' title='bbox 136 1552 270 1650; x_wconf 80' lang='lat' dir='ltr'>roquid</span> <span class='ocrx_word' id='word_1_71' title='bbox 296 1553 393 1626; x_wconf 89' lang='lat' dir='ltr'>aliud</span> <span class='ocrx_word' id='word_1_72' title='bbox 419 1553 456 1625; x_wconf 91' lang='lat' dir='ltr'>iu</span> <span class='ocrx_word' id='word_1_73' title='bbox 481 1552 618 1626; x_wconf 91' lang='lat' dir='ltr'>mundo</span> <span class='ocrx_word' id='word_1_74' title='bbox 641 1580 749 1651; x_wconf 88' lang='lat' dir='ltr'>quam</span> <span class='ocrx_word' id='word_1_75' title='bbox 774 1582 900 1654; x_wconf 62' lang='lat' dir='ltr'>pugna,</span> <span class='ocrx_word' id='word_1_76' title='bbox 920 1554 1087 1629; x_wconf 90' lang='lat' dir='ltr'>adversus</span> <span class='ocrx_word' id='word_1_77' title='bbox 1104 1555 1229 1629; x_wconf 90' lang='lat' dir='ltr'>diabo-</span> 
     </span>
     <span class='ocr_line' id='line_1_12' title="bbox 181 1669 1229 1768; baseline 0.004 -28"><span class='ocrx_word' id='word_1_78' title='bbox 181 1669 256 1740; x_wconf 89' lang='lat' dir='ltr'>lum</span> <span class='ocrx_word' id='word_1_79' title='bbox 276 1669 437 1766; x_wconf 89' lang='lat' dir='ltr'>quotidie</span> <span class='ocrx_word' id='word_1_80' title='bbox 455 1669 602 1768; x_wconf 82' lang='lat' dir='ltr'>geritur,</span> <span class='ocrx_word' id='word_1_81' title='bbox 622 1696 733 1768; x_wconf 90' lang='lat' dir='ltr'>quam</span> <span class='ocrx_word' id='word_1_82' title='bbox 763 1670 929 1746; x_wconf 84' lang='lat' dir='ltr'>adversus</span> <span class='ocrx_word' id='word_1_83' title='bbox 946 1672 1070 1768; x_wconf 89' lang='lat' dir='ltr'>jacula</span> <span class='ocrx_word' id='word_1_84' title='bbox 1094 1671 1170 1768; x_wconf 87' lang='lat' dir='ltr'>ejus</span> <span class='ocrx_word' id='word_1_85' title='bbox 1191 1684 1229 1744; x_wconf 90' lang='lat' dir='ltr'>et</span> 
     </span>
     <span class='ocr_line' id='line_1_13' title="bbox 180 1785 1229 1862; baseline 0.003 -4"><span class='ocrx_word' id='word_1_86' title='bbox 180 1785 253 1858; x_wconf 87' lang='lat' dir='ltr'>tela</span> <span class='ocrx_word' id='word_1_87' title='bbox 270 1785 597 1859; x_wconf 88' lang='lat' dir='ltr'>conflictationibus</span> <span class='ocrx_word' id='word_1_88' title='bbox 616 1786 765 1860; x_wconf 89' lang='lat' dir='ltr'>assiduis</span> <span class='ocrx_word' id='word_1_89' title='bbox 783 1787 994 1862; x_wconf 83' lang='lat' dir='ltr'>dimicatur?</span> <span class='ocrx_word' id='word_1_90' title='bbox 1028 1787 1124 1861; x_wconf 89' lang='lat' dir='ltr'>Cum</span> <span class='ocrx_word' id='word_1_91' title='bbox 1146 1815 1229 1861; x_wconf 88' lang='lat' dir='ltr'>ava-</span> 
     </span>
     <span class='ocr_line' id='line_1_14' title="bbox 181 1896 1229 2001; baseline 0.003 -28"><span class='ocrx_word' id='word_1_92' title='bbox 181 1901 263 1974; x_wconf 88' lang='lat' dir='ltr'>ritia</span> <span class='ocrx_word' id='word_1_93' title='bbox 288 1901 404 1991; x_wconf 90' lang='lat' dir='ltr'>uobis,</span> <span class='ocrx_word' id='word_1_94' title='bbox 431 1896 781 2001; x_wconf 89' lang='lat' dir='ltr'>cumimpudicitia,</span> <span class='ocrx_word' id='word_1_95' title='bbox 804 1930 887 1978; x_wconf 90' lang='lat' dir='ltr'>cum</span> <span class='ocrx_word' id='word_1_96' title='bbox 914 1905 979 1995; x_wconf 94' lang='lat' dir='ltr'>ira,</span> <span class='ocrx_word' id='word_1_97' title='bbox 1004 1931 1088 1979; x_wconf 89' lang='lat' dir='ltr'>cum</span> <span class='ocrx_word' id='word_1_98' title='bbox 1115 1904 1229 1984; x_wconf 85' lang='lat' dir='ltr'>ambi-</span> 
     </span>
     <span class='ocr_line' id='line_1_15' title="bbox 182 2017 1229 2115; baseline 0 -24"><span class='ocrx_word' id='word_1_99' title='bbox 182 2017 283 2091; x_wconf 90' lang='lat' dir='ltr'>tione</span> <span class='ocrx_word' id='word_1_100' title='bbox 301 2018 504 2115; x_wconf 87' lang='lat' dir='ltr'>congressio</span> <span class='ocrx_word' id='word_1_101' title='bbox 522 2030 592 2104; x_wconf 89' lang='lat' dir='ltr'>est;</span> <span class='ocrx_word' id='word_1_102' title='bbox 612 2046 694 2092; x_wconf 89' lang='lat' dir='ltr'>cum</span> <span class='ocrx_word' id='word_1_103' title='bbox 715 2021 917 2093; x_wconf 90' lang='lat' dir='ltr'>carnalibus</span> <span class='ocrx_word' id='word_1_104' title='bbox 930 2020 1038 2110; x_wconf 90' lang='lat' dir='ltr'>vitiis,</span> <span class='ocrx_word' id='word_1_105' title='bbox 1051 2046 1133 2094; x_wconf 90' lang='lat' dir='ltr'>cum</span> <span class='ocrx_word' id='word_1_106' title='bbox 1153 2019 1229 2092; x_wconf 89' lang='lat' dir='ltr'>ille-</span> 
     </span>
     <span class='ocr_line' id='line_1_16' title="bbox 139 2133 1229 2227; baseline -0.002 -17"><span class='ocrx_word' id='word_1_107' title='bbox 139 2171 150 2210; x_wconf 92' lang='lat'>1</span> <span class='ocrx_word' id='word_1_108' title='bbox 156 2133 299 2227; x_wconf 69' lang='lat' dir='ltr'>scebris</span> <span class='ocrx_word' id='word_1_109' title='bbox 326 2134 556 2207; x_wconf 89' lang='lat' dir='ltr'>saecularibus</span> <span class='ocrx_word' id='word_1_110' title='bbox 584 2135 726 2208; x_wconf 90' lang='lat' dir='ltr'>assidua</span> <span class='ocrx_word' id='word_1_111' title='bbox 752 2148 788 2208; x_wconf 89' lang='lat' dir='ltr'>et</span> <span class='ocrx_word' id='word_1_112' title='bbox 816 2137 967 2208; x_wconf 89' lang='lat' dir='ltr'>molesta</span> <span class='ocrx_word' id='word_1_113' title='bbox 991 2137 1141 2209; x_wconf 88' lang='lat' dir='ltr'>luctatio</span> <span class='ocrx_word' id='word_1_114' title='bbox 1164 2147 1229 2208; x_wconf 91' lang='lat' dir='ltr'>est.</span> 
     </span>
     <span class='ocr_line' id='line_1_17' title="bbox 184 2249 1232 2348; baseline 0 -24"><span class='ocrx_word' id='word_1_115' title='bbox 184 2251 341 2324; x_wconf 84' lang='lat' dir='ltr'>Obsessa</span> <span class='ocrx_word' id='word_1_116' title='bbox 367 2276 468 2323; x_wconf 90' lang='lat' dir='ltr'>mens</span> <span class='ocrx_word' id='word_1_117' title='bbox 495 2249 653 2322; x_wconf 91' lang='lat' dir='ltr'>hominis</span> <span class='ocrx_word' id='word_1_118' title='bbox 677 2264 714 2323; x_wconf 89' lang='lat' dir='ltr'>et</span> <span class='ocrx_word' id='word_1_119' title='bbox 739 2251 902 2348; x_wconf 87' lang='lat' dir='ltr'>undique</span> <span class='ocrx_word' id='word_1_120' title='bbox 927 2250 1060 2324; x_wconf 84' lang='lat' dir='ltr'>diaboli</span> <span class='ocrx_word' id='word_1_121' title='bbox 1086 2250 1232 2324; x_wconf 88' lang='lat' dir='ltr'>infesta·</span> 
     </span>
     <span class='ocr_line' id='line_1_18' title="bbox 185 2364 1231 2464; baseline 0 -25"><span class='ocrx_word' id='word_1_122' title='bbox 185 2367 285 2441; x_wconf 90' lang='lat' dir='ltr'>tione</span> <span class='ocrx_word' id='word_1_123' title='bbox 307 2365 438 2439; x_wconf 89' lang='lat' dir='ltr'>vallata</span> <span class='ocrx_word' id='word_1_124' title='bbox 461 2364 520 2437; x_wconf 85' lang='lat' dir='ltr'>vix</span> <span class='ocrx_word' id='word_1_125' title='bbox 547 2367 702 2439; x_wconf 89' lang='lat' dir='ltr'>occurrit</span> <span class='ocrx_word' id='word_1_126' title='bbox 726 2367 887 2464; x_wconf 91' lang='lat' dir='ltr'>singulis,</span> <span class='ocrx_word' id='word_1_127' title='bbox 912 2366 972 2440; x_wconf 91' lang='lat' dir='ltr'>vix</span> <span class='ocrx_word' id='word_1_128' title='bbox 997 2367 1140 2440; x_wconf 85' lang='lat' dir='ltr'>resistit.</span> <span class='ocrx_word' id='word_1_129' title='bbox 1191 2367 1231 2439; x_wconf 91' lang='lat' dir='ltr'>Si</span> 
     </span>
     <span class='ocr_line' id='line_1_19' title="bbox 188 2482 1233 2582; baseline -0.001 -26"><span class='ocrx_word' id='word_1_130' title='bbox 188 2482 334 2556; x_wconf 89' lang='lat' dir='ltr'>avaritia</span> <span class='ocrx_word' id='word_1_131' title='bbox 350 2493 525 2580; x_wconf 87' lang='lat' dir='ltr'>prostrata</span> <span class='ocrx_word' id='word_1_132' title='bbox 542 2494 606 2573; x_wconf 91' lang='lat' dir='ltr'>est,</span> <span class='ocrx_word' id='word_1_133' title='bbox 619 2483 779 2582; x_wconf 86' lang='lat' dir='ltr'>exsurgit</span> <span class='ocrx_word' id='word_1_134' title='bbox 794 2483 917 2556; x_wconf 92' lang='lat' dir='ltr'>libido.</span> <span class='ocrx_word' id='word_1_135' title='bbox 945 2483 983 2556; x_wconf 83' lang='lat' dir='ltr'>Si</span> <span class='ocrx_word' id='word_1_136' title='bbox 1002 2483 1115 2556; x_wconf 92' lang='lat' dir='ltr'>libido</span> <span class='ocrx_word' id='word_1_137' title='bbox 1133 2499 1233 2556; x_wconf 85' lang='lat' dir='ltr'>com-</span> 
     </span>
     <span class='ocr_line' id='line_1_20' title="bbox 188 2597 1233 2698; baseline 0.002 -28"><span class='ocrx_word' id='word_1_138' title='bbox 188 2625 310 2698; x_wconf 88' lang='lat' dir='ltr'>pressa</span> <span class='ocrx_word' id='word_1_139' title='bbox 331 2610 396 2686; x_wconf 90' lang='lat' dir='ltr'>est,</span> <span class='ocrx_word' id='word_1_140' title='bbox 415 2597 575 2671; x_wconf 88' lang='lat' dir='ltr'>succedit</span> <span class='ocrx_word' id='word_1_141' title='bbox 597 2599 759 2679; x_wconf 86' lang='lat' dir='ltr'>ambitio.</span> <span class='ocrx_word' id='word_1_142' title='bbox 811 2599 850 2671; x_wconf 87' lang='lat' dir='ltr'>Si</span> <span class='ocrx_word' id='word_1_143' title='bbox 874 2598 1026 2672; x_wconf 89' lang='lat' dir='ltr'>ambitio</span> <span class='ocrx_word' id='word_1_144' title='bbox 1049 2612 1233 2672; x_wconf 85' lang='lat' dir='ltr'>contemta</span> 
     </span>
     <span class='ocr_line' id='line_1_21' title="bbox 141 2713 1234 2813; baseline -0.003 -22"><span class='ocrx_word' id='word_1_145' title='bbox 141 2752 179 2791; x_wconf 89' lang='lat'>20</span> <span class='ocrx_word' id='word_1_146' title='bbox 189 2728 254 2804; x_wconf 91' lang='lat' dir='ltr'>est,</span> <span class='ocrx_word' id='word_1_147' title='bbox 272 2713 324 2786; x_wconf 89' lang='lat' dir='ltr'>ira</span> <span class='ocrx_word' id='word_1_148' title='bbox 346 2727 544 2811; x_wconf 81' lang='lat' dir='ltr'>exasperat,</span> <span class='ocrx_word' id='word_1_149' title='bbox 560 2713 662 2786; x_wconf 89' lang='lat' dir='ltr'>inflat</span> <span class='ocrx_word' id='word_1_150' title='bbox 673 2714 865 2813; x_wconf 80' lang='lat' dir='ltr'>superbia,</span> <span class='ocrx_word' id='word_1_151' title='bbox 882 2713 1078 2787; x_wconf 90' lang='lat' dir='ltr'>vinolentia</span> <span class='ocrx_word' id='word_1_152' title='bbox 1095 2714 1234 2806; x_wconf 89' lang='lat' dir='ltr'>invitat,</span> 
     </span>
     <span class='ocr_line' id='line_1_22' title="bbox 189 2828 1237 2929; baseline 0 -27"><span class='ocrx_word' id='word_1_153' title='bbox 189 2828 572 2927; x_wconf 56' lang='lat' dir='ltr'>invidia&#39;concordiam</span> <span class='ocrx_word' id='word_1_154' title='bbox 590 2830 737 2929; x_wconf 89' lang='lat' dir='ltr'>rumpit,</span> <span class='ocrx_word' id='word_1_155' title='bbox 755 2831 952 2903; x_wconf 88' lang='lat' dir='ltr'>amicitiam</span> <span class='ocrx_word' id='word_1_156' title='bbox 975 2830 1073 2903; x_wconf 91' lang='lat' dir='ltr'>zelus</span> <span class='ocrx_word' id='word_1_157' title='bbox 1096 2832 1237 2904; x_wconf 87' lang='lat' dir='ltr'>abscin-</span> 
     </span>
     <span class='ocr_line' id='line_1_23' title="bbox 191 2945 1236 3048; baseline 0.002 -30"><span class='ocrx_word' id='word_1_158' title='bbox 191 2946 254 3019; x_wconf 94' lang='lat' dir='ltr'>dit.</span> <span class='ocrx_word' id='word_1_159' title='bbox 306 2945 454 3045; x_wconf 88' lang='lat' dir='ltr'>Cogeris</span> <span class='ocrx_word' id='word_1_160' title='bbox 479 2946 703 3037; x_wconf 90' lang='lat' dir='ltr'>maledicere,</span> <span class='ocrx_word' id='word_1_161' title='bbox 722 2946 819 3045; x_wconf 92' lang='lat' dir='ltr'>quod</span> <span class='ocrx_word' id='word_1_162' title='bbox 837 2946 959 3020; x_wconf 89' lang='lat' dir='ltr'>divina</span> <span class='ocrx_word' id='word_1_163' title='bbox 982 2948 1040 3020; x_wconf 86' lang='lat' dir='ltr'>lex</span> <span class='ocrx_word' id='word_1_164' title='bbox 1058 2948 1236 3048; x_wconf 87' lang='lat' dir='ltr'>prohibet.</span> 
     </span>
     <span class='ocr_line' id='line_1_24' title="bbox 191 3061 1238 3164; baseline 0.003 -30"><span class='ocrx_word' id='word_1_165' title='bbox 191 3061 429 3162; x_wconf 88' lang='lat' dir='ltr'>Compelleris</span> <span class='ocrx_word' id='word_1_166' title='bbox 450 3062 582 3159; x_wconf 89' lang='lat' dir='ltr'>jurare,</span> <span class='ocrx_word' id='word_1_167' title='bbox 607 3063 705 3160; x_wconf 92' lang='lat' dir='ltr'>quod</span> <span class='ocrx_word' id='word_1_168' title='bbox 731 3090 803 3135; x_wconf 92' lang='grc' dir='ltr'>ηοη</span> <span class='ocrx_word' id='word_1_169' title='bbox 830 3063 926 3137; x_wconf 89' lang='lat' dir='ltr'>licet.</span> <span class='ocrx_word' id='word_1_170' title='bbox 969 3063 1043 3136; x_wconf 80' lang='lat' dir='ltr'>Tot</span> <span class='ocrx_word' id='word_1_171' title='bbox 1071 3090 1238 3164; x_wconf 89' lang='lat' dir='ltr'>persecu-</span> 
     </span>
     <span class='ocr_line' id='line_1_25' title="bbox 192 3177 1238 3279; baseline 0.003 -29"><span class='ocrx_word' id='word_1_172' title='bbox 192 3178 307 3250; x_wconf 90' lang='lat' dir='ltr'>tiones</span> <span class='ocrx_word' id='word_1_173' title='bbox 333 3177 474 3251; x_wconf 91' lang='lat' dir='ltr'>auimus</span> <span class='ocrx_word' id='word_1_174' title='bbox 499 3177 659 3276; x_wconf 93' lang='lat' dir='ltr'>quotidie</span> <span class='ocrx_word' id='word_1_175' title='bbox 682 3179 827 3273; x_wconf 91' lang='lat' dir='ltr'>patitur,</span> <span class='ocrx_word' id='word_1_176' title='bbox 843 3191 899 3251; x_wconf 92' lang='lat' dir='ltr'>tot</span> <span class='ocrx_word' id='word_1_177' title='bbox 921 3179 1088 3277; x_wconf 90' lang='lat' dir='ltr'>periculis</span> <span class='ocrx_word' id='word_1_178' title='bbox 1111 3193 1238 3279; x_wconf 88' lang='lat' dir='ltr'>pectus</span> 
     </span>
     <span class='ocr_line' id='line_1_26' title="bbox 145 3292 1239 3392; baseline -0.003 -23"><span class='ocrx_word' id='word_1_179' title='bbox 145 3306 365 3391; x_wconf 77' lang='lat' dir='ltr'>25urgetur3</span> <span class='ocrx_word' id='word_1_180' title='bbox 400 3307 436 3367; x_wconf 92' lang='lat' dir='ltr'>et</span> <span class='ocrx_word' id='word_1_181' title='bbox 462 3292 616 3366; x_wconf 88' lang='lat' dir='ltr'>delectat</span> <span class='ocrx_word' id='word_1_182' title='bbox 642 3293 701 3366; x_wconf 84' lang='lat' dir='ltr'>hie</span> <span class='ocrx_word' id='word_1_183' title='bbox 727 3294 820 3366; x_wconf 91' lang='lat' dir='ltr'>inter</span> <span class='ocrx_word' id='word_1_184' title='bbox 846 3293 979 3366; x_wconf 90' lang='lat' dir='ltr'>diaboli</span> <span class='ocrx_word' id='word_1_185' title='bbox 1010 3293 1146 3392; x_wconf 88' lang='lat' dir='ltr'>gladios</span> <span class='ocrx_word' id='word_1_186' title='bbox 1175 3294 1239 3367; x_wconf 92' lang='lat' dir='ltr'>diu</span> 
     </span>
     <span class='ocr_line' id='line_1_27' title="bbox 193 3409 1237 3509; baseline 0 -26"><span class='ocrx_word' id='word_1_187' title='bbox 193 3422 297 3499; x_wconf 89' lang='lat' dir='ltr'>stare,</span> <span class='ocrx_word' id='word_1_188' title='bbox 314 3437 397 3483; x_wconf 90' lang='lat' dir='ltr'>cum</span> <span class='ocrx_word' id='word_1_189' title='bbox 426 3410 541 3508; x_wconf 91' lang='lat' dir='ltr'>magis</span> <span class='ocrx_word' id='word_1_190' title='bbox 565 3409 904 3508; x_wconf 86' lang='lat' dir='ltr'>concupiscendum¹</span> <span class='ocrx_word' id='word_1_191' title='bbox 919 3409 965 3482; x_wconf 89' lang='lat' dir='ltr'>sit</span> <span class='ocrx_word' id='word_1_192' title='bbox 982 3425 1019 3482; x_wconf 94' lang='lat' dir='ltr'>et</span> <span class='ocrx_word' id='word_1_193' title='bbox 1038 3409 1237 3509; x_wconf 90' lang='lat' dir='ltr'>optandum</span> 
     </span>
     <span class='ocr_line' id='line_1_28' title="bbox 194 3525 1239 3626; baseline -0.001 -27"><span class='ocrx_word' id='word_1_194' title='bbox 194 3526 238 3599; x_wconf 94' lang='lat' dir='ltr'>ad</span> <span class='ocrx_word' id='word_1_195' title='bbox 256 3526 457 3616; x_wconf 87' lang='lat' dir='ltr'>Christum,</span> <span class='ocrx_word' id='word_1_196' title='bbox 475 3526 708 3599; x_wconf 89' lang='lat' dir='ltr'>subveniente</span> <span class='ocrx_word' id='word_1_197' title='bbox 723 3525 880 3599; x_wconf 88' lang='lat' dir='ltr'>velocius</span> <span class='ocrx_word' id='word_1_198' title='bbox 900 3540 1026 3616; x_wconf 89' lang='lat' dir='ltr'>morte,</span> <span class='ocrx_word' id='word_1_199' title='bbox 1040 3553 1239 3626; x_wconf 89' lang='lat' dir='ltr'>properare,</span> 
     </span>
     <span class='ocr_line' id='line_1_29' title="bbox 193 3640 1323 3738; baseline 0.002 -26"><span class='ocrx_word' id='word_1_200' title='bbox 193 3641 274 3738; x_wconf 91' lang='lat' dir='ltr'>ipso</span> <span class='ocrx_word' id='word_1_201' title='bbox 291 3642 490 3714; x_wconf 89' lang='lat' dir='ltr'>instruente</span> <span class='ocrx_word' id='word_1_202' title='bbox 508 3667 573 3712; x_wconf 95' lang='lat' dir='ltr'>nos</span> <span class='ocrx_word' id='word_1_203' title='bbox 592 3654 629 3713; x_wconf 89' lang='lat' dir='ltr'>et</span> <span class='ocrx_word' id='word_1_204' title='bbox 645 3640 809 3714; x_wconf 85' lang='lat' dir='ltr'>dicente:</span> <span class='ocrx_word' id='word_1_205' title='bbox 828 3641 948 3715; x_wconf 84' lang='lat' dir='ltr'>Arnen</span> <span class='ocrx_word' id='word_1_206' title='bbox 965 3668 1070 3716; x_wconf 87' lang='lat' dir='ltr'>omen</span> <span class='ocrx_word' id='word_1_207' title='bbox 1087 3643 1165 3716; x_wconf 86' lang='lat' dir='ltr'>dico</span> <span class='ocrx_word' id='word_1_208' title='bbox 1181 3668 1323 3722; x_wconf 65' lang='lat' dir='ltr'>noran,</span> 
     </span>
     <span class='ocr_line' id='line_1_30' title="bbox 196 3756 1240 3858; baseline 0.006 -30"><span class='ocrx_word' id='word_1_209' title='bbox 196 3756 260 3845; x_wconf 82' lang='lat' dir='ltr'>bis,</span> <span class='ocrx_word' id='word_1_210' title='bbox 285 3759 456 3856; x_wconf 84' lang='lat' dir='ltr'>qnoniam</span> <span class='ocrx_word' id='word_1_211' title='bbox 482 3783 544 3830; x_wconf 85' lang='lat' dir='ltr'>nos</span> <span class='ocrx_word' id='word_1_212' title='bbox 567 3756 764 3854; x_wconf 82' lang='lat' dir='ltr'>plorabitis</span> <span class='ocrx_word' id='word_1_213' title='bbox 788 3767 823 3831; x_wconf 83' lang='lat' dir='ltr'>et</span> <span class='ocrx_word' id='word_1_214' title='bbox 847 3757 1047 3858; x_wconf 84' lang='lat' dir='ltr'>plangetis,</span> <span class='ocrx_word' id='word_1_215' title='bbox 1070 3758 1240 3834; x_wconf 82' lang='lat' dir='ltr'>snonlnm</span> 
     </span>
     <span class='ocr_line' id='line_1_31' title="bbox 147 3874 1241 3973; baseline 0 -23"><span class='ocrx_word' id='word_1_216' title='bbox 147 3912 185 3969; x_wconf 86' lang='lat'>30</span> <span class='ocrx_word' id='word_1_217' title='bbox 196 3882 317 3946; x_wconf 80' lang='lat' dir='ltr'>antem</span> <span class='ocrx_word' id='word_1_218' title='bbox 332 3874 531 3973; x_wconf 77' lang='lat' dir='ltr'>gaudebit3</span> <span class='ocrx_word' id='word_1_219' title='bbox 558 3900 619 3948; x_wconf 83' lang='lat' dir='ltr'>nos</span> <span class='ocrx_word' id='word_1_220' title='bbox 643 3875 766 3948; x_wconf 81' lang='lat' dir='ltr'>tristes</span> <span class='ocrx_word' id='word_1_221' title='bbox 783 3875 898 3965; x_wconf 84' lang='lat' dir='ltr'>eritis,</span> <span class='ocrx_word' id='word_1_222' title='bbox 914 3877 980 3950; x_wconf 85' lang='lat' dir='ltr'>sed</span> <span class='ocrx_word' id='word_1_223' title='bbox 994 3877 1241 3950; x_wconf 78' lang='lat' dir='ltr'>tristitinnes-</span> 
     </span>
     <span class='ocr_line' id='line_1_32' title="bbox 196 3989 1241 4072; baseline 0.005 -13"><span class='ocrx_word' id='word_1_224' title='bbox 196 3997 257 4060; x_wconf 84' lang='lat' dir='ltr'>tru</span> <span class='ocrx_word' id='word_1_225' title='bbox 281 3989 320 4061; x_wconf 88' lang='lat' dir='ltr'>in</span> <span class='ocrx_word' id='word_1_226' title='bbox 347 3989 510 4063; x_wconf 74' lang='lat' dir='ltr'>lotitiam</span> <span class='ocrx_word' id='word_1_227' title='bbox 534 3991 684 4064; x_wconf 79' lang='lat' dir='ltr'>veniet?</span> <span class='ocrx_word' id='word_1_228' title='bbox 726 3990 818 4072; x_wconf 87' lang='lat' dir='ltr'>Quis</span> <span class='ocrx_word' id='word_1_229' title='bbox 845 4017 920 4063; x_wconf 91' lang='lat' dir='ltr'>non</span> <span class='ocrx_word' id='word_1_230' title='bbox 947 3992 1093 4064; x_wconf 89' lang='lat' dir='ltr'>tristitia</span> <span class='ocrx_word' id='word_1_231' title='bbox 1122 4017 1241 4064; x_wconf 89' lang='lat' dir='ltr'>carere</span> 
     </span>
     <span class='ocr_line' id='line_1_33' title="bbox 166 4105 1241 4201; baseline 0.005 -27"><span class='ocrx_word' id='word_1_232' title='bbox 166 4190 169 4198; x_wconf 20' lang='grc' dir='ltr'>ι</span> <span class='ocrx_word' id='word_1_233' title='bbox 196 4115 309 4200; x_wconf 86' lang='lat' dir='ltr'>optet,</span> <span class='ocrx_word' id='word_1_234' title='bbox 325 4105 405 4201; x_wconf 90' lang='lat' dir='ltr'>quis</span> <span class='ocrx_word' id='word_1_235' title='bbox 423 4132 494 4179; x_wconf 91' lang='lat' dir='ltr'>non</span> <span class='ocrx_word' id='word_1_236' title='bbox 514 4105 559 4180; x_wconf 90' lang='lat' dir='ltr'>ad</span> <span class='ocrx_word' id='word_1_237' title='bbox 576 4106 739 4180; x_wconf 85' lang='lat' dir='ltr'>laetitiam</span> <span class='ocrx_word' id='word_1_238' title='bbox 757 4106 878 4179; x_wconf 84' lang='lat' dir='ltr'>venire</span> <span class='ocrx_word' id='word_1_239' title='bbox 895 4105 1058 4180; x_wconf 78' lang='lat' dir='ltr'>festinet?</span> <span class='ocrx_word' id='word_1_240' title='bbox 1084 4106 1241 4189; x_wconf 88' lang='lat' dir='ltr'>Quando</span> 
     </span>
     <span class='ocr_line' id='line_1_34' title="bbox 197 4219 1241 4297; baseline 0.006 -7"><span class='ocrx_word' id='word_1_241' title='bbox 197 4231 318 4292; x_wconf 87' lang='lat' dir='ltr'>autem</span> <span class='ocrx_word' id='word_1_242' title='bbox 346 4219 383 4292; x_wconf 91' lang='lat' dir='ltr'>iu</span> <span class='ocrx_word' id='word_1_243' title='bbox 409 4223 571 4297; x_wconf 87' lang='lat' dir='ltr'>laetitiam</span> <span class='ocrx_word' id='word_1_244' title='bbox 598 4222 719 4295; x_wconf 91' lang='lat' dir='ltr'>veniat</span> <span class='ocrx_word' id='word_1_245' title='bbox 745 4234 864 4295; x_wconf 88' lang='lat' dir='ltr'>nostra</span> <span class='ocrx_word' id='word_1_246' title='bbox 889 4221 1032 4295; x_wconf 89' lang='lat' dir='ltr'>tristitia</span> <span class='ocrx_word' id='word_1_247' title='bbox 1058 4222 1241 4297; x_wconf 92' lang='lat' dir='ltr'>Dominus</span> 
     </span>
    </p>
   </div>
   <div class='ocr_carea' id='block_1_3' title="bbox 0 0 1360 4830">
    <p class='ocr_par' dir='ltr' id='par_1_3' title="bbox 0 0 1360 4830">
     <span class='ocr_line' id='line_1_35' title="bbox 0 0 1360 4830; baseline 0 0"><span class='ocrx_word' id='word_1_248' title='bbox 0 0 1360 4830; x_wconf 95' lang='lat' dir='ltr'> </span> 
     </span>
    </p>
   </div>
  </div>
 </body>
</html>
