2678 4830
67 119 132 185 250
401 113 782 181 ANNOTATIONES

111 291 150 354 P.
165 302 237 373 237.
255 286 279 352 l.
294 305 325 373 3.
348 286 478 352 Patrem
492 299 525 352 et
539 287 646 350 Deum
663 285 797 375 Christi]
815 285 882 350 Ista
895 284 938 351 sio
952 302 1126 374 ponuntur

68 392 121 441 tan
145 395 218 438 uam
234 373 259 438 si
274 374 365 438 Deua
379 386 459 438 esset
472 372 615 439 conditor
629 371 748 437 Christi
762 387 795 438 et
809 371 905 437 totius
919 373 1042 438 mundi.
1069 374 1126 441 Vi-

68 399 208 528 deddum
231 459 329 547 igitur
347 480 389 523 an
409 457 502 524 lectio
522 458 636 523 veteris
654 458 726 522 libri
741 457 920 545 Remigiani
934 472 966 524 et
980 460 1125 526 duorum

69 547 314 635 Anglicanorum
337 545 534 634 praeferenda
555 545 606 624 sit,
622 545 678 644 qui
696 568 755 633 pro
771 546 895 612 Christi
914 546 1034 612 habent
1049 549 1124 613 Do-

68 637 190 700 minum
204 643 359 699 nostrum.
403 635 453 698 At
472 632 498 697 si
517 656 555 697 ea
574 632 665 697 lectio
684 631 796 719 placet,
818 632 956 698 tollenda
974 647 1023 699 est
1045 657 1123 700 con·

65 718 1026 872 ”aaa

71 908 108 965 ut
130 893 174 959 ait
196 892 358 970 Baluzius,
373 893 548 958 Dominum
568 900 714 956 nastrum
735 890 768 955 in
790 891 883 957 codd.
904 896 963 958 Ar.
980 854 1124 958 et’Novi

72 978 218 1067 collegii.
255 978 311 1043 Ab
326 979 385 1042 hoo
399 978 528 1065 quidem
549 979 648 1043 MSto
666 976 753 1043 haud
771 977 851 1042 male
865 978 953 1044 abest
1025 978 1125 1044 ricula

71 1077 102 1133 et
115 1080 188 1133 ante
202 1088 293 1129 voces
308 1067 403 1130 totius
417 1065 540 1129 mundi.
577 1064 634 1128 Ad
653 1064 751 1129 verba
767 1077 873 1129 autern
893 1001 1123 1151 quodiitinet,

72 1156 203 1219 Patrem
218 1161 248 1217 et
258 1154 363 1217 Deum
381 1151 516 1230 Christi,
532 1150 672 1216 similiter
685 1150 809 1215 locutus
823 1164 870 1215 est
884 1151 1041 1216 Dominus
1054 1151 1124 1238 ipse

72 1240 114 1306 ad
129 1237 266 1304 Mariam
283 1237 507 1325 Magdalenam
518 1237 551 1303 in
563 1239 601 1302 S.
610 1239 749 1302 loannis
759 1239 924 1325 wangulia
934 1261 991 1304 xx.
999 1259 1051 1323 17.
1076 1238 1125 1304 Si-

73 1326 188 1426 militer
203 1325 393 1424 seripserunt
407 1324 539 1411 apostoli
553 1324 630 1423 ejus.
662 1323 780 1387 Confer
794 1325 886 1422 llam.
898 1347 950 1388 xv.
963 1328 1035 1424 ⁶2²
1047 1326 1123 1390 Cor.

73 1412 216 1562 ”iisd
210 1412 298 1560 iiii
306 1433 370 1581 {111³
377 1429 455 1560 siin
477 1411 1125 1582 pzpfflfflffiat33531333303&

75 1584 149 1670 tuti]
169 1582 220 1648 Sic
233 1581 354 1730 primus
368 1581 468 1679 edidit
482 1605 522 1646 ex
537 1581 631 1646 codd.
647 1582 711 1646 suis
730 1519 839 1646 Felliis
853 1583 1036 1647 adverbium
1051 1605 1126 1647 carm

74 1669 212 1742 addens;
262 1691 299 1771 pc
321 1667 346 1731 si
371 1680 535 1749 retinetur,
557 1669 688 1733 fortasse
711 1667 881 1756 legendum
902 1683 960 1748 est,
980 1671 1125 1758 quicum·

73 1776 410 1927 quipppgpuprpmfim
431 1839 568 1905 ecclesiae
589 1840 720 1906 veritate
741 1841 909 1930 consentit]
926 1841 1001 1906 For.
1020 1841 1129 1929 legen-

75 1927 155 1993 dum
169 1927 336 1991 contendit.

120 2013 204 2079 Ibid.
223 2013 243 2077 l.
256 2014 285 2079 8.
310 2011 428 2078 consilii
443 2025 474 2077 et
490 2012 654 2101 sermonis]
672 2012 818 2078 Forsitan
834 2012 997 2101 scripserat
1011 2013 1130 2078 Firmi-

75 2100 187 2182 lianuS,
203 2099 353 2168 συνέσεως
368 2101 416 2164 καὶ
430 2101 535 2182 λόγου.

121 2190 158 2253 Ρ.
175 2207 249 2272 239.
265 2186 287 2251 l.
300 2203 332 2271 5.
356 2189 390 2249 A
407 2185 524 2272 quibus
543 2184 661 2273 legatos
680 2186 841 2272 episcopos
857 2187 926 2272 δια]
946 2185 1047 2250 Haud
1062 2185 1128 2251 du-

75 2273 166 2338 bium
185 2273 322 2350 videtur,
338 2272 415 2360 quin
436 2273 477 2336 ab
492 2272 594 2351 Afris,
609 2270 714 2357 potius
733 2294 829 2358 quam
851 2273 892 2337 ab
911 2271 1129 2350 orientalibus,

77 2361 214 2424 Romam
228 2359 313 2424 missi
329 2359 390 2424 sint
403 2359 510 2446 legati.
555 2357 758 2423 Contrarium
773 2369 878 2422 tamen
893 2358 1048 2423 affirmant
1063 2360 1128 2422 Ba·

76 2447 184 2511 ronius
203 2448 236 2510 in
248 2447 439 2524 Annalibus,
455 2460 486 2511 et
505 2445 627 2510 Natalis
642 2444 820 2509 Alexander
836 2443 870 2507 in
884 2447 976 2510 Hist.
991 2445 1132 2509 Ecclesi-

77 2535 188 2597 astica.
236 2533 299 2597 Sed
319 2531 378 2596 hoc
397 2532 429 2595 in
450 2533 550 2596 Afros
568 2544 692 2618 gestum
712 2554 731 2594 a
752 2531 913 2618 Stephano
932 2531 1038 2609 fuisse,
1055 2545 1132 2618 post

78 2618 282 2683 Pearsonium
312 2618 488 2683 retulerunt
515 2618 645 2704 Pagius,
677 2617 909 2695 Tillemontius,
939 2616 1131 2704 BasnagiuS.

80 2705 207 2782 “Quid
229 2727 268 2767 ex
290 2702 416 2767 illorum
439 2703 604 2768 verborum
628 2703 705 2768 serie
726 2703 892 2783 lucidius,”
908 2703 1012 2790 inquit
1033 2705 1133 2768 Pear-

79 2789 184 2854 sonius
194 2789 228 2853 in
236 2789 416 2853 Annalibus
427 2790 642 2876 Cyprianicis,
652 2789 693 2854 ad
705 2812 776 2854 ann.
788 2813 855 2853 nvi.
871 2797 893 2830 ‘⁴
902 2812 998 2876 quam
1009 2789 1133 2876 legatos

80 2884 102 2916 “
117 2900 170 2941 eos
184 2874 352 2963 episcopali
366 2875 484 2938 honore
501 2874 695 2961 conspicuos,
710 2899 773 2940 non
788 2877 829 2940 ab
844 2876 1057 2952 orientalibus,
1074 2875 1132 2940 sed

80 2963 158 3028 “ab
177 2963 215 3028 iis
236 2961 292 3049 qui
311 2964 347 3025 ia
362 2962 492 3026 meridie
506 2975 604 3039 erant,
621 2960 681 3025 hoc
696 2975 754 3038 est,
769 2962 871 3040 Afris,
887 2962 996 3027 missos
1009 2962 1130 3027 fuisse?

80 3059 103 3090 ‘⁴
120 3052 151 3115 N
194 3074 232 3115 ue
247 3049 337 3114 aliter
352 3048 419 3113 haec
434 3046 607 3111 Firmiliani
623 3048 728 3126 verba,
740 3071 813 3134 quae
825 3047 919 3113 citata
933 3049 1130 3136 praecedunt,

80 3146 103 3177 “
119 3137 183 3203 inte
195 3137 331 3224 liganda.
354 3137 434 3202 Nisi
447 3136 529 3222 qnod
541 3156 605 3198 uon
620 3137 768 3222 gratiana
782 3136 903 3221 resume
917 3137 1079 3224 Stephano
1093 3137 1131 3199 in

81 3231 103 3264 “
118 3227 179 3288 isto
188 3246 371 3310 possumus,
387 3223 469 3309 quad
481 3244 541 3308 per
554 3222 643 3285 illius
656 3222 920 3287 inhumanitatem
934 3245 1019 3286 nunc
1034 3221 1129 3286 effec-

81 3316 103 3349 “
120 3324 188 3372 tum
203 3322 262 3389 est,
278 3323 314 3373 ut
335 3309 409 3373 fidei
423 3323 454 3372 et
474 3308 632 3395 sapientiae
647 3322 758 3373 vestrae
772 3308 1021 3396 experimentum
1041 3331 1132 3396 cape-

82 3402 104 3435 “
121 3417 235 3458 remus
255 3399 364 3480 (supra
378 3418 410 3481 p.
425 3397 511 3476 222.)
553 3393 615 3457 Illa
629 3394 711 3458 enim
726 3394 937 3461 inhumanitas
951 3395 1028 3460 nihil
1043 3395 1131 3460 aliud

82 3489 106 3520 ‘⁶
123 3493 190 3544 erat
203 3503 300 3567 quam
314 3481 489 3567 legatorum
505 3479 641 3566 rejectio,
656 3505 822 3568 perquam
843 3505 899 3547 nec
918 3483 1132 3570 confabulatio

82 3569 188 3694 :jam
201 3569 306 3714 passlil
325 3587 401 3664 aare,
416 3574 474 3664 aul
487 3586 588 3630 sermo
602 3571 784 3682 communia.
806 3568 874 3667 ”Illi
893 3569 988 3656 legati
1007 3569 1039 3632 in
1059 3591 1133 3655 syn-

121 3652 735 3820 ptsspddaprt2gpgresssggpgplpdpntpgssst‚
743 3658 942 3827 iiiiiquens
956 3753 1003 3805 est
1017 3739 1132 3818 dicere,

82 3825 1134 3978 qilisullsiii‘dliinlimlilllwillleiiililliinilii

82 3935 202 4063 lactuin
216 4011 264 4062 est
283 4011 319 4062 ut
334 3996 435 4085 Angli
458 3935 577 4084 abique
597 3996 692 4063 ullius
711 3998 783 4063 libri
802 3936 916 4064 veteris
934 3998 1131 4074 auctoritate,

83 4099 192 4148 contra
204 4085 300 4150 fidem
313 4099 456 4150 veterum
469 4084 695 4173 exemplarium
710 4100 743 4150 et
760 4085 904 4152 editionis
923 4083 1132 4164 Morellianae,
