<?xml version="1.0" encoding="UTF-8"?>
<!DOCTYPE html PUBLIC "-//W3C//DTD XHTML 1.0 Transitional//EN"
    "http://www.w3.org/TR/xhtml1/DTD/xhtml1-transitional.dtd">
<html xmlns="http://www.w3.org/1999/xhtml" xml:lang="en" lang="en">
 <head>
  <title>
</title>
<meta http-equiv="Content-Type" content="text/html;charset=utf-8" />
  <meta name='ocr-system' content='tesseract 3.04.00' />
  <meta name='ocr-capabilities' content='ocr_page ocr_carea ocr_par ocr_line ocrx_word'/>
</head>
<body>
  <div class='ocr_page' id='page_1' title='image "./scriptorumeccle00unkngoog_0344.png"; bbox 0 0 2678 4830; ppageno 0'>
   <div class='ocr_carea' id='block_1_1' title="bbox 218 318 1173 384">
    <p class='ocr_par' dir='ltr' id='par_1_1' title="bbox 218 318 1173 384">
     <span class='ocr_line' id='line_1_1' title="bbox 218 318 1173 384; baseline 0.001 -1"><span class='ocrx_word' id='word_1_1' title='bbox 218 320 270 383; x_wconf 93' lang='lat' dir='ltr'>IN</span> <span class='ocrx_word' id='word_1_2' title='bbox 291 322 322 383; x_wconf 87' lang='lat' dir='ltr'>S.</span> <span class='ocrx_word' id='word_1_3' title='bbox 339 318 478 383; x_wconf 89' lang='lat' dir='ltr'>CYPR.</span> <span class='ocrx_word' id='word_1_4' title='bbox 499 319 563 381; x_wconf 91' lang='lat' dir='ltr'>DE</span> <span class='ocrx_word' id='word_1_5' title='bbox 586 318 779 382; x_wconf 88' lang='lat' dir='ltr'><strong>IDOLOR.</strong></span> <span class='ocrx_word' id='word_1_6' title='bbox 800 319 1063 384; x_wconf 86' lang='lat' dir='ltr'><strong>VANITATE.</strong></span> <span class='ocrx_word' id='word_1_7' title='bbox 1109 322 1173 384; x_wconf 74' lang='grc'>325</span> 
     </span>
    </p>
   </div>
   <div class='ocr_carea' id='block_1_2' title="bbox 125 488 1173 638">
    <p class='ocr_par' dir='ltr' id='par_1_2' title="bbox 125 488 1173 638">
     <span class='ocr_line' id='line_1_2' title="bbox 125 488 1173 638; baseline -0.001 -82"><span class='ocrx_word' id='word_1_8' title='bbox 125 491 211 579; x_wconf 87' lang='lat' dir='ltr'>apud</span> <span class='ocrx_word' id='word_1_9' title='bbox 233 488 407 558; x_wconf 85' lang='lat' dir='ltr'>Firmiliani</span> <span class='ocrx_word' id='word_1_10' title='bbox 424 489 587 638; x_wconf 72' lang='lat' dir='ltr'>epistolam</span> <span class='ocrx_word' id='word_1_11' title='bbox 602 488 653 553; x_wconf 87' lang='lat' dir='ltr'>hae</span> <span class='ocrx_word' id='word_1_12' title='bbox 667 513 758 554; x_wconf 86' lang='lat' dir='ltr'>voces</span> <span class='ocrx_word' id='word_1_13' title='bbox 771 489 853 554; x_wconf 89' lang='lat' dir='ltr'>inter</span> <span class='ocrx_word' id='word_1_14' title='bbox 872 513 905 554; x_wconf 91' lang='lat' dir='ltr'>se</span> <span class='ocrx_word' id='word_1_15' title='bbox 923 490 1173 556; x_wconf 86' lang='lat' dir='ltr'>confunduntur.</span> 
     </span>
    </p>
   </div>
   <div class='ocr_carea' id='block_1_3' title="bbox 107 576 1174 3161">
    <p class='ocr_par' dir='ltr' id='par_1_3' title="bbox 124 576 1172 748">
     <span class='ocr_line' id='line_1_3' title="bbox 125 576 1172 666; baseline -0.003 -24"><span class='ocrx_word' id='word_1_16' title='bbox 125 577 199 642; x_wconf 89' lang='lat' dir='ltr'>Vid.</span> <span class='ocrx_word' id='word_1_17' title='bbox 215 601 309 666; x_wconf 87' lang='lat' dir='ltr'>supra</span> <span class='ocrx_word' id='word_1_18' title='bbox 319 601 353 662; x_wconf 92' lang='lat' dir='ltr'>p.</span> <span class='ocrx_word' id='word_1_19' title='bbox 366 595 439 660; x_wconf 76' lang='lat'>223.</span> <span class='ocrx_word' id='word_1_20' title='bbox 464 625 470 638; x_wconf 92' lang='lat'><em>.</em></span> <span class='ocrx_word' id='word_1_21' title='bbox 486 595 536 660; x_wconf 86' lang='lat'>13.</span> <span class='ocrx_word' id='word_1_22' title='bbox 564 577 603 638; x_wconf 95' lang='lat' dir='ltr'>In</span> <span class='ocrx_word' id='word_1_23' title='bbox 620 576 702 639; x_wconf 90' lang='lat' dir='ltr'>notis</span> <span class='ocrx_word' id='word_1_24' title='bbox 717 576 756 640; x_wconf 92' lang='lat' dir='ltr'>ad</span> <span class='ocrx_word' id='word_1_25' title='bbox 771 576 862 640; x_wconf 89' lang='lat' dir='ltr'>eand.</span> <span class='ocrx_word' id='word_1_26' title='bbox 876 576 1037 663; x_wconf 91' lang='lat' dir='ltr'>epistolam</span> <span class='ocrx_word' id='word_1_27' title='bbox 1054 600 1085 663; x_wconf 91' lang='lat' dir='ltr'>p.</span> <span class='ocrx_word' id='word_1_28' title='bbox 1099 577 1172 657; x_wconf 82' lang='lat'><strong>246.</strong></span> 
     </span>
     <span class='ocr_line' id='line_1_4' title="bbox 124 661 1122 748; baseline -0.001 -21"><span class='ocrx_word' id='word_1_29' title='bbox 124 663 146 728; x_wconf 94' lang='lat' dir='ltr'>l.</span> <span class='ocrx_word' id='word_1_30' title='bbox 163 663 221 727; x_wconf 83' lang='lat' dir='ltr'>ult.</span> <span class='ocrx_word' id='word_1_31' title='bbox 238 665 293 729; x_wconf 92' lang='lat' dir='ltr'>ubi</span> <span class='ocrx_word' id='word_1_32' title='bbox 307 676 394 727; x_wconf 89' lang='lat' dir='ltr'>extat</span> <span class='ocrx_word' id='word_1_33' title='bbox 410 663 579 744; x_wconf 81' lang='grc' dir='ltr'>ἐνχωρίους,</span> <span class='ocrx_word' id='word_1_34' title='bbox 594 661 638 725; x_wconf 91' lang='lat' dir='ltr'>ibi</span> <span class='ocrx_word' id='word_1_35' title='bbox 653 689 674 744; x_wconf 83' lang='grc' dir='ltr'>γ</span> <span class='ocrx_word' id='word_1_36' title='bbox 688 662 861 748; x_wconf 86' lang='lat' dir='ltr'>pinxeram,</span> <span class='ocrx_word' id='word_1_37' title='bbox 876 686 940 726; x_wconf 92' lang='lat' dir='ltr'>non</span> <span class='ocrx_word' id='word_1_38' title='bbox 955 663 1076 726; x_wconf 86' lang='lat' dir='ltr'>literam</span> <span class='ocrx_word' id='word_1_39' title='bbox 1093 689 1122 726; x_wconf 83' lang='lat' dir='ltr'>v.</span> 
     </span>
    </p>

    <p class='ocr_par' dir='ltr' id='par_1_4' title="bbox 123 746 1172 1245">
     <span class='ocr_line' id='line_1_5' title="bbox 168 746 1172 835; baseline -0.004 -20"><span class='ocrx_word' id='word_1_40' title='bbox 168 752 206 814; x_wconf 88' lang='lat' dir='ltr'>P.</span> <span class='ocrx_word' id='word_1_41' title='bbox 221 756 294 831; x_wconf 84' lang='lat'><strong>264.</strong></span> <span class='ocrx_word' id='word_1_42' title='bbox 310 749 331 814; x_wconf 90' lang='lat' dir='ltr'>l.</span> <span class='ocrx_word' id='word_1_43' title='bbox 348 750 398 812; x_wconf 85' lang='lat'>18.</span> <span class='ocrx_word' id='word_1_44' title='bbox 422 746 531 810; x_wconf 90' lang='lat' dir='ltr'>ultoris</span> <span class='ocrx_word' id='word_1_45' title='bbox 545 747 652 834; x_wconf 86' lang='lat' dir='ltr'>vigore</span> <span class='ocrx_word' id='word_1_46' title='bbox 666 763 698 811; x_wconf 92' lang='lat' dir='ltr'>et</span> <span class='ocrx_word' id='word_1_47' title='bbox 710 748 827 834; x_wconf 87' lang='lat' dir='ltr'>judicis</span> <span class='ocrx_word' id='word_1_48' title='bbox 842 751 1007 835; x_wconf 85' lang='lat' dir='ltr'>potestate]</span> <span class='ocrx_word' id='word_1_49' title='bbox 1027 750 1172 813; x_wconf 84' lang='lat' dir='ltr'>Fortasse</span> 
     </span>
     <span class='ocr_line' id='line_1_6' title="bbox 123 833 1171 923; baseline -0.002 -25"><span class='ocrx_word' id='word_1_50' title='bbox 123 835 290 920; x_wconf 87' lang='lat' dir='ltr'>legendum</span> <span class='ocrx_word' id='word_1_51' title='bbox 317 849 374 911; x_wconf 89' lang='lat' dir='ltr'>est,</span> <span class='ocrx_word' id='word_1_52' title='bbox 397 835 433 896; x_wconf 87' lang='lat' dir='ltr'>in</span> <span class='ocrx_word' id='word_1_53' title='bbox 454 833 578 896; x_wconf 82' lang='lat' dir='ltr'>nitoris.</span> <span class='ocrx_word' id='word_1_54' title='bbox 616 834 719 897; x_wconf 90' lang='lat' dir='ltr'>Paulo</span> <span class='ocrx_word' id='word_1_55' title='bbox 742 858 838 920; x_wconf 87' lang='lat' dir='ltr'>supra</span> <span class='ocrx_word' id='word_1_56' title='bbox 859 835 965 899; x_wconf 86' lang='lat' dir='ltr'>scribit</span> <span class='ocrx_word' id='word_1_57' title='bbox 981 835 1171 923; x_wconf 87' lang='lat' dir='ltr'>Cyprianus,</span> 
     </span>
     <span class='ocr_line' id='line_1_7' title="bbox 124 920 1170 1008; baseline 0.001 -24"><span class='ocrx_word' id='word_1_58' title='bbox 124 923 201 985; x_wconf 90' lang='lat' dir='ltr'>Non</span> <span class='ocrx_word' id='word_1_59' title='bbox 220 920 425 1008; x_wconf 78' lang='lat' dir='ltr'>intelligendo</span> <span class='ocrx_word' id='word_1_60' title='bbox 439 921 586 1005; x_wconf 80' lang='lat' dir='ltr'>primani</span> <span class='ocrx_word' id='word_1_61' title='bbox 605 920 776 984; x_wconf 81' lang='lat' dir='ltr'>adventurn</span> <span class='ocrx_word' id='word_1_62' title='bbox 794 922 850 1008; x_wconf 83' lang='lat' dir='ltr'>qni</span> <span class='ocrx_word' id='word_1_63' title='bbox 868 922 904 984; x_wconf 93' lang='lat' dir='ltr'>in</span> <span class='ocrx_word' id='word_1_64' title='bbox 917 924 1070 1008; x_wconf 73' lang='lat' dir='ltr'>passione</span> <span class='ocrx_word' id='word_1_65' title='bbox 1082 945 1170 1008; x_wconf 79' lang='lat' dir='ltr'>pra-</span> 
     </span>
     <span class='ocr_line' id='line_1_8' title="bbox 123 1007 1172 1094; baseline 0 -24"><span class='ocrx_word' id='word_1_66' title='bbox 123 1012 251 1073; x_wconf 83' lang='lat' dir='ltr'>cesserit</span> <span class='ocrx_word' id='word_1_67' title='bbox 269 1008 417 1082; x_wconf 77' lang='lat' dir='ltr'>manlius,</span> <span class='ocrx_word' id='word_1_68' title='bbox 431 1027 531 1067; x_wconf 86' lang='lat' dir='ltr'>nnnnr</span> <span class='ocrx_word' id='word_1_69' title='bbox 554 1015 678 1070; x_wconf 82' lang='lat' dir='ltr'>tanturn</span> <span class='ocrx_word' id='word_1_70' title='bbox 697 1007 841 1087; x_wconf 78' lang='lat' dir='ltr'>credant,</span> <span class='ocrx_word' id='word_1_71' title='bbox 859 1009 915 1094; x_wconf 82' lang='lat' dir='ltr'>qai</span> <span class='ocrx_word' id='word_1_72' title='bbox 934 1010 996 1071; x_wconf 81' lang='lat' dir='ltr'>erit</span> <span class='ocrx_word' id='word_1_73' title='bbox 1016 1007 1048 1071; x_wconf 93' lang='lat' dir='ltr'>in</span> <span class='ocrx_word' id='word_1_74' title='bbox 1069 1020 1172 1094; x_wconf 89' lang='lat' dir='ltr'>potes-</span> 
     </span>
     <span class='ocr_line' id='line_1_9' title="bbox 125 1090 1172 1180; baseline 0.001 -23"><span class='ocrx_word' id='word_1_75' title='bbox 125 1107 188 1157; x_wconf 88' lang='lat' dir='ltr'>tate</span> <span class='ocrx_word' id='word_1_76' title='bbox 202 1094 399 1179; x_wconf 82' lang='lat' dir='ltr'>manifestus.</span> <span class='ocrx_word' id='word_1_77' title='bbox 432 1090 550 1155; x_wconf 87' lang='lat' dir='ltr'>Confer</span> <span class='ocrx_word' id='word_1_78' title='bbox 565 1091 752 1156; x_wconf 89' lang='lat' dir='ltr'>Tertullian.</span> <span class='ocrx_word' id='word_1_79' title='bbox 768 1115 837 1180; x_wconf 88' lang='lat' dir='ltr'>cap.</span> <span class='ocrx_word' id='word_1_80' title='bbox 852 1093 911 1156; x_wconf 90' lang='lat' dir='ltr'>ult.</span> <span class='ocrx_word' id='word_1_81' title='bbox 927 1093 999 1158; x_wconf 90' lang='lat' dir='ltr'>libri</span> <span class='ocrx_word' id='word_1_82' title='bbox 1009 1095 1172 1159; x_wconf 82' lang='lat' dir='ltr'>Adversas</span> 
     </span>
     <span class='ocr_line' id='line_1_10' title="bbox 123 1178 958 1245; baseline 0 -2"><span class='ocrx_word' id='word_1_83' title='bbox 123 1180 263 1245; x_wconf 80' lang='lat' dir='ltr'>Jndaos.</span> <span class='ocrx_word' id='word_1_84' title='bbox 301 1181 402 1243; x_wconf 87' lang='lat' dir='ltr'>Extat</span> <span class='ocrx_word' id='word_1_85' title='bbox 416 1187 453 1241; x_wconf 82' lang='lat' dir='ltr'>nt</span> <span class='ocrx_word' id='word_1_86' title='bbox 466 1178 581 1243; x_wconf 82' lang='lat' dir='ltr'>altoris</span> <span class='ocrx_word' id='word_1_87' title='bbox 595 1178 627 1240; x_wconf 96' lang='lat' dir='ltr'>in</span> <span class='ocrx_word' id='word_1_88' title='bbox 644 1178 725 1243; x_wconf 93' lang='lat' dir='ltr'>Cod.</span> <span class='ocrx_word' id='word_1_89' title='bbox 743 1180 827 1242; x_wconf 87' lang='lat' dir='ltr'>Nov.</span> <span class='ocrx_word' id='word_1_90' title='bbox 842 1179 911 1242; x_wconf 90' lang='lat' dir='ltr'>coll.</span> <span class='ocrx_word' id='word_1_91' title='bbox 932 1201 958 1243; x_wconf 84' lang='lat'>1.</span> 
     </span>
    </p>

    <p class='ocr_par' dir='ltr' id='par_1_5' title="bbox 116 1263 1174 1782">
     <span class='ocr_line' id='line_1_11' title="bbox 169 1263 1172 1350; baseline 0 -21"><span class='ocrx_word' id='word_1_92' title='bbox 169 1266 255 1330; x_wconf 90' lang='lat' dir='ltr'>Ibid.</span> <span class='ocrx_word' id='word_1_93' title='bbox 270 1265 293 1329; x_wconf 93' lang='lat' dir='ltr'>l.</span> <span class='ocrx_word' id='word_1_94' title='bbox 310 1285 358 1348; x_wconf 91' lang='lat'>19.</span> <span class='ocrx_word' id='word_1_95' title='bbox 382 1263 531 1350; x_wconf 87' lang='lat' dir='ltr'>magistro</span> <span class='ocrx_word' id='word_1_96' title='bbox 546 1277 578 1327; x_wconf 91' lang='lat' dir='ltr'>et</span> <span class='ocrx_word' id='word_1_97' title='bbox 593 1266 676 1349; x_wconf 88' lang='lat' dir='ltr'>Deo]</span> <span class='ocrx_word' id='word_1_98' title='bbox 697 1266 843 1329; x_wconf 87' lang='lat' dir='ltr'>Fortasse</span> <span class='ocrx_word' id='word_1_99' title='bbox 857 1265 1026 1329; x_wconf 90' lang='lat' dir='ltr'>delendum</span> <span class='ocrx_word' id='word_1_100' title='bbox 1041 1275 1079 1330; x_wconf 80' lang='lat' dir='ltr'>et.</span> <span class='ocrx_word' id='word_1_101' title='bbox 1103 1268 1172 1330; x_wconf 90' lang='lat' dir='ltr'>Ha-</span> 
     </span>
     <span class='ocr_line' id='line_1_12' title="bbox 124 1350 1174 1439; baseline 0.001 -24"><span class='ocrx_word' id='word_1_102' title='bbox 124 1351 178 1415; x_wconf 88' lang='lat' dir='ltr'>bet</span> <span class='ocrx_word' id='word_1_103' title='bbox 192 1352 291 1416; x_wconf 87' lang='lat' dir='ltr'>codex</span> <span class='ocrx_word' id='word_1_104' title='bbox 306 1350 502 1428; x_wconf 88' lang='lat' dir='ltr'>Veronensis,</span> <span class='ocrx_word' id='word_1_105' title='bbox 517 1351 670 1435; x_wconf 85' lang='lat' dir='ltr'>probante</span> <span class='ocrx_word' id='word_1_106' title='bbox 688 1350 838 1436; x_wconf 73' lang='lat' dir='ltr'>trigamo,</span> <span class='ocrx_word' id='word_1_107' title='bbox 859 1375 923 1415; x_wconf 89' lang='lat' dir='ltr'>non</span> <span class='ocrx_word' id='word_1_108' title='bbox 942 1354 1099 1439; x_wconf 73' lang='lat' dir='ltr'>magistro</span> <span class='ocrx_word' id='word_1_109' title='bbox 1117 1353 1174 1416; x_wconf 81' lang='lat' dir='ltr'>sed</span> 
     </span>
     <span class='ocr_line' id='line_1_13' title="bbox 124 1434 1172 1522; baseline 0.001 -21"><span class='ocrx_word' id='word_1_110' title='bbox 124 1439 203 1502; x_wconf 82' lang='lat' dir='ltr'>Deo.</span> <span class='ocrx_word' id='word_1_111' title='bbox 223 1437 385 1522; x_wconf 87' lang='lat' dir='ltr'>codexque</span> <span class='ocrx_word' id='word_1_112' title='bbox 404 1435 488 1499; x_wconf 89' lang='lat' dir='ltr'>Novi</span> <span class='ocrx_word' id='word_1_113' title='bbox 507 1434 588 1503; x_wconf 89' lang='lat' dir='ltr'>Coll.</span> <span class='ocrx_word' id='word_1_114' title='bbox 606 1457 633 1500; x_wconf 93' lang='lat'>1.</span> <span class='ocrx_word' id='word_1_115' title='bbox 650 1438 789 1501; x_wconf 83' lang='lat' dir='ltr'>Domino</span> <span class='ocrx_word' id='word_1_116' title='bbox 803 1439 883 1502; x_wconf 85' lang='lat' dir='ltr'>Deo.</span> <span class='ocrx_word' id='word_1_117' title='bbox 931 1439 993 1502; x_wconf 88' lang='lat' dir='ltr'>Sed</span> <span class='ocrx_word' id='word_1_118' title='bbox 1007 1438 1113 1503; x_wconf 87' lang='lat' dir='ltr'>malim</span> <span class='ocrx_word' id='word_1_119' title='bbox 1128 1438 1172 1502; x_wconf 92' lang='lat' dir='ltr'>le-</span> 
     </span>
     <span class='ocr_line' id='line_1_14' title="bbox 123 1522 1172 1622; baseline 0.002 -36"><span class='ocrx_word' id='word_1_120' title='bbox 123 1546 198 1608; x_wconf 86' lang='lat' dir='ltr'>gere</span> <span class='ocrx_word' id='word_1_121' title='bbox 220 1525 475 1622; x_wconf 65' lang='lat' dir='ltr'>magistrumn,</span> <span class='ocrx_word' id='word_1_122' title='bbox 498 1536 625 1586; x_wconf 85' lang='lat' dir='ltr'>auctore</span> <span class='ocrx_word' id='word_1_123' title='bbox 649 1522 857 1602; x_wconf 83' lang='lat' dir='ltr'>Tertulliano,</span> <span class='ocrx_word' id='word_1_124' title='bbox 873 1547 968 1610; x_wconf 92' lang='lat' dir='ltr'>quem</span> <span class='ocrx_word' id='word_1_125' title='bbox 993 1525 1172 1611; x_wconf 85' lang='lat' dir='ltr'>Cyprianus</span> 
     </span>
     <span class='ocr_line' id='line_1_15' title="bbox 123 1608 1172 1698; baseline 0.003 -27"><span class='ocrx_word' id='word_1_126' title='bbox 123 1609 175 1673; x_wconf 89' lang='lat' dir='ltr'>hic</span> <span class='ocrx_word' id='word_1_127' title='bbox 189 1609 363 1696; x_wconf 89' lang='lat' dir='ltr'>descnpsit,</span> <span class='ocrx_word' id='word_1_128' title='bbox 375 1609 548 1693; x_wconf 75' lang='lat' dir='ltr'>Discipuli,</span> <span class='ocrx_word' id='word_1_129' title='bbox 563 1608 677 1695; x_wconf 89' lang='lat' dir='ltr'>inquit,</span> <span class='ocrx_word' id='word_1_130' title='bbox 688 1632 807 1697; x_wconf 84' lang='lat' dir='ltr'>qnoque</span> <span class='ocrx_word' id='word_1_131' title='bbox 821 1612 932 1698; x_wconf 73' lang='lat' dir='ltr'>diffini</span> <span class='ocrx_word' id='word_1_132' title='bbox 939 1633 1004 1698; x_wconf 82' lang='lat' dir='ltr'>per</span> <span class='ocrx_word' id='word_1_133' title='bbox 1018 1612 1120 1676; x_wconf 83' lang='lat' dir='ltr'>orbern</span> <span class='ocrx_word' id='word_1_134' title='bbox 1132 1633 1172 1674; x_wconf 82' lang='lat' dir='ltr'>ea</span> 
     </span>
     <span class='ocr_line' id='line_1_16' title="bbox 116 1693 713 1782; baseline -0.002 -22"><span class='ocrx_word' id='word_1_135' title='bbox 116 1706 277 1782; x_wconf 79' lang='lat' dir='ltr'>pracepto</span> <span class='ocrx_word' id='word_1_136' title='bbox 292 1695 432 1782; x_wconf 87' lang='lat' dir='ltr'>magistri</span> <span class='ocrx_word' id='word_1_137' title='bbox 447 1693 508 1757; x_wconf 91' lang='lat' dir='ltr'>Dei</span> <span class='ocrx_word' id='word_1_138' title='bbox 516 1704 713 1781; x_wconf 79' lang='lat' dir='ltr'>parnerrmt.</span> 
     </span>
    </p>

    <p class='ocr_par' dir='ltr' id='par_1_6' title="bbox 121 1780 1173 2277">
     <span class='ocr_line' id='line_1_17' title="bbox 168 1780 1173 1867; baseline 0.001 -22"><span class='ocrx_word' id='word_1_139' title='bbox 168 1782 254 1846; x_wconf 93' lang='lat' dir='ltr'>Ibid.</span> <span class='ocrx_word' id='word_1_140' title='bbox 274 1781 295 1845; x_wconf 91' lang='lat' dir='ltr'>l.</span> <span class='ocrx_word' id='word_1_141' title='bbox 313 1800 362 1867; x_wconf 80' lang='lat'>23.</span> <span class='ocrx_word' id='word_1_142' title='bbox 394 1780 567 1866; x_wconf 88' lang='lat' dir='ltr'>ocularent]</span> <span class='ocrx_word' id='word_1_143' title='bbox 595 1781 704 1845; x_wconf 91' lang='lat' dir='ltr'>Visum</span> <span class='ocrx_word' id='word_1_144' title='bbox 729 1780 852 1846; x_wconf 89' lang='lat' dir='ltr'>darent.</span> <span class='ocrx_word' id='word_1_145' title='bbox 889 1782 1078 1848; x_wconf 88' lang='lat' dir='ltr'>Tertulliani</span> <span class='ocrx_word' id='word_1_146' title='bbox 1104 1806 1173 1846; x_wconf 89' lang='lat' dir='ltr'>ver-</span> 
     </span>
     <span class='ocr_line' id='line_1_18' title="bbox 122 1867 1173 1956; baseline 0.002 -24"><span class='ocrx_word' id='word_1_147' title='bbox 122 1868 212 1945; x_wconf 92' lang='lat' dir='ltr'>bum,</span> <span class='ocrx_word' id='word_1_148' title='bbox 223 1892 289 1955; x_wconf 94' lang='lat' dir='ltr'>quo</span> <span class='ocrx_word' id='word_1_149' title='bbox 303 1867 452 1956; x_wconf 85' lang='lat' dir='ltr'>magistro</span> <span class='ocrx_word' id='word_1_150' title='bbox 467 1891 549 1954; x_wconf 82' lang='lat' dir='ltr'>saepe</span> <span class='ocrx_word' id='word_1_151' title='bbox 566 1867 745 1956; x_wconf 85' lang='lat' dir='ltr'>Cyprianus</span> <span class='ocrx_word' id='word_1_152' title='bbox 760 1891 837 1932; x_wconf 86' lang='lat' dir='ltr'>usus</span> <span class='ocrx_word' id='word_1_153' title='bbox 851 1881 906 1933; x_wconf 89' lang='lat' dir='ltr'>est.</span> <span class='ocrx_word' id='word_1_154' title='bbox 934 1869 1033 1934; x_wconf 92' lang='lat' dir='ltr'>Libro</span> <span class='ocrx_word' id='word_1_155' title='bbox 1045 1869 1085 1934; x_wconf 93' lang='lat' dir='ltr'>de</span> <span class='ocrx_word' id='word_1_156' title='bbox 1100 1871 1173 1934; x_wconf 74' lang='grc' dir='ltr'>Ροε-</span> 
     </span>
     <span class='ocr_line' id='line_1_19' title="bbox 122 1954 1172 2043; baseline 0.003 -25"><span class='ocrx_word' id='word_1_157' title='bbox 122 1954 254 2019; x_wconf 86' lang='lat' dir='ltr'>nitentia</span> <span class='ocrx_word' id='word_1_158' title='bbox 268 1978 337 2041; x_wconf 87' lang='lat' dir='ltr'>cap.</span> <span class='ocrx_word' id='word_1_159' title='bbox 353 1975 401 2021; x_wconf 76' lang='lat'>12.</span> <span class='ocrx_word' id='word_1_160' title='bbox 417 1955 573 2018; x_wconf 82' lang='lat' dir='ltr'>Hirnnda</span> <span class='ocrx_word' id='word_1_161' title='bbox 591 1957 621 2018; x_wconf 87' lang='lat' dir='ltr'>si</span> <span class='ocrx_word' id='word_1_162' title='bbox 641 1957 845 2019; x_wconf 79' lang='lat' dir='ltr'>eacoecaucrit</span> <span class='ocrx_word' id='word_1_163' title='bbox 857 1956 978 2043; x_wconf 84' lang='lat' dir='ltr'>pallas,</span> <span class='ocrx_word' id='word_1_164' title='bbox 993 1959 1083 2021; x_wconf 81' lang='lat' dir='ltr'>novit</span> <span class='ocrx_word' id='word_1_165' title='bbox 1100 1957 1172 2021; x_wconf 85' lang='lat' dir='ltr'>illos</span> 
     </span>
     <span class='ocr_line' id='line_1_20' title="bbox 121 2040 1173 2129; baseline 0.003 -25"><span class='ocrx_word' id='word_1_166' title='bbox 121 2043 247 2105; x_wconf 82' lang='lat' dir='ltr'>oculare</span> <span class='ocrx_word' id='word_1_167' title='bbox 261 2064 377 2106; x_wconf 83' lang='lat' dir='ltr'>rursus</span> <span class='ocrx_word' id='word_1_168' title='bbox 391 2043 429 2105; x_wconf 83' lang='lat' dir='ltr'>de</span> <span class='ocrx_word' id='word_1_169' title='bbox 443 2063 500 2105; x_wconf 85' lang='lat' dir='ltr'>sna</span> <span class='ocrx_word' id='word_1_170' title='bbox 514 2040 694 2105; x_wconf 74' lang='lat' dir='ltr'>chelidonio.</span> <span class='ocrx_word' id='word_1_171' title='bbox 741 2043 786 2105; x_wconf 88' lang='lat' dir='ltr'>Et</span> <span class='ocrx_word' id='word_1_172' title='bbox 805 2041 1016 2129; x_wconf 88' lang='lat' dir='ltr'>metaphorice</span> <span class='ocrx_word' id='word_1_173' title='bbox 1033 2041 1114 2105; x_wconf 90' lang='lat' dir='ltr'>libro</span> <span class='ocrx_word' id='word_1_174' title='bbox 1132 2043 1173 2107; x_wconf 91' lang='lat' dir='ltr'>de</span> 
     </span>
     <span class='ocr_line' id='line_1_21' title="bbox 122 2125 1173 2214; baseline 0.001 -24"><span class='ocrx_word' id='word_1_175' title='bbox 122 2126 281 2192; x_wconf 89' lang='lat' dir='ltr'>Pudicitia</span> <span class='ocrx_word' id='word_1_176' title='bbox 302 2151 369 2214; x_wconf 89' lang='lat' dir='ltr'>cap.</span> <span class='ocrx_word' id='word_1_177' title='bbox 388 2128 417 2192; x_wconf 89' lang='lat'>8.</span> <span class='ocrx_word' id='word_1_178' title='bbox 435 2125 467 2190; x_wconf 91' lang='lat' dir='ltr'>in</span> <span class='ocrx_word' id='word_1_179' title='bbox 483 2126 622 2190; x_wconf 91' lang='lat' dir='ltr'>vestibus</span> <span class='ocrx_word' id='word_1_180' title='bbox 641 2149 794 2213; x_wconf 83' lang='lat' dir='ltr'>purpurae</span> <span class='ocrx_word' id='word_1_181' title='bbox 814 2126 985 2190; x_wconf 89' lang='lat' dir='ltr'>oculandis.</span> <span class='ocrx_word' id='word_1_182' title='bbox 1016 2128 1173 2192; x_wconf 78' lang='lat' dir='ltr'>Lrnuuu-</span> 
     </span>
     <span class='ocr_line' id='line_1_22' title="bbox 123 2232 275 2277; baseline -0.007 0"><span class='ocrx_word' id='word_1_183' title='bbox 123 2234 198 2277; x_wconf 84' lang='lat' dir='ltr'>nus.</span> <span class='ocrx_word' id='word_1_184' title='bbox 271 2232 275 2238; x_wconf 82' lang='grc'>’</span> 
     </span>
    </p>

    <p class='ocr_par' dir='ltr' id='par_1_7' title="bbox 107 2296 1173 3161">
     <span class='ocr_line' id='line_1_23' title="bbox 167 2296 1171 2383; baseline -0.002 -20"><span class='ocrx_word' id='word_1_185' title='bbox 167 2299 251 2363; x_wconf 83' lang='lat' dir='ltr'>Ibid.</span> <span class='ocrx_word' id='word_1_186' title='bbox 275 2298 297 2361; x_wconf 94' lang='lat' dir='ltr'>l.</span> <span class='ocrx_word' id='word_1_187' title='bbox 314 2317 368 2382; x_wconf 84' lang='lat'>33.</span> <span class='ocrx_word' id='word_1_188' title='bbox 399 2296 424 2360; x_wconf 89' lang='lat' dir='ltr'>si</span> <span class='ocrx_word' id='word_1_189' title='bbox 447 2297 610 2362; x_wconf 91' lang='lat' dir='ltr'>Christum</span> <span class='ocrx_word' id='word_1_190' title='bbox 631 2296 785 2361; x_wconf 88' lang='lat' dir='ltr'>fuerimus</span> <span class='ocrx_word' id='word_1_191' title='bbox 807 2296 916 2383; x_wconf 83' lang='lat' dir='ltr'>secrrti]</span> <span class='ocrx_word' id='word_1_192' title='bbox 942 2299 982 2363; x_wconf 86' lang='lat' dir='ltr'>Si</span> <span class='ocrx_word' id='word_1_193' title='bbox 1007 2299 1171 2362; x_wconf 74' lang='lat' dir='ltr'>Christum</span> 
     </span>
     <span class='ocr_line' id='line_1_24' title="bbox 107 2381 1172 2472; baseline 0.001 -25"><span class='ocrx_word' id='word_1_194' title='bbox 107 2386 280 2470; x_wconf 79' lang='lat' dir='ltr'>ficerimns</span> <span class='ocrx_word' id='word_1_195' title='bbox 294 2384 413 2446; x_wconf 79' lang='lat' dir='ltr'>inritati</span> <span class='ocrx_word' id='word_1_196' title='bbox 429 2383 519 2466; x_wconf 89' lang='lat' dir='ltr'>(edit.</span> <span class='ocrx_word' id='word_1_197' title='bbox 535 2381 676 2466; x_wconf 76' lang='lat' dir='ltr'>Belua).</span> <span class='ocrx_word' id='word_1_198' title='bbox 712 2383 841 2447; x_wconf 90' lang='lat' dir='ltr'>Veteres</span> <span class='ocrx_word' id='word_1_199' title='bbox 856 2382 1004 2448; x_wconf 88' lang='lat' dir='ltr'>editiones</span> <span class='ocrx_word' id='word_1_200' title='bbox 1019 2397 1051 2448; x_wconf 89' lang='lat' dir='ltr'>et</span> <span class='ocrx_word' id='word_1_201' title='bbox 1066 2383 1172 2472; x_wconf 90' lang='lat' dir='ltr'>plures</span> 
     </span>
     <span class='ocr_line' id='line_1_25' title="bbox 121 2468 1171 2535; baseline 0.002 -3"><span class='ocrx_word' id='word_1_202' title='bbox 121 2469 194 2534; x_wconf 91' lang='lat' dir='ltr'>libri</span> <span class='ocrx_word' id='word_1_203' title='bbox 208 2484 328 2534; x_wconf 88' lang='lat' dir='ltr'>veteres</span> <span class='ocrx_word' id='word_1_204' title='bbox 341 2468 459 2533; x_wconf 91' lang='lat' dir='ltr'>habent</span> <span class='ocrx_word' id='word_1_205' title='bbox 473 2471 583 2533; x_wconf 83' lang='lat' dir='ltr'>secati.</span> <span class='ocrx_word' id='word_1_206' title='bbox 621 2468 724 2532; x_wconf 89' lang='lat' dir='ltr'>Aliam</span> <span class='ocrx_word' id='word_1_207' title='bbox 742 2469 908 2534; x_wconf 87' lang='lat' dir='ltr'>lectionem</span> <span class='ocrx_word' id='word_1_208' title='bbox 927 2469 1031 2535; x_wconf 89' lang='lat' dir='ltr'>inveni</span> <span class='ocrx_word' id='word_1_209' title='bbox 1051 2470 1085 2534; x_wconf 94' lang='lat' dir='ltr'>in</span> <span class='ocrx_word' id='word_1_210' title='bbox 1104 2469 1171 2534; x_wconf 91' lang='lat' dir='ltr'>edi-</span> 
     </span>
     <span class='ocr_line' id='line_1_26' title="bbox 123 2553 1171 2644; baseline 0 -24"><span class='ocrx_word' id='word_1_211' title='bbox 123 2554 207 2620; x_wconf 90' lang='lat' dir='ltr'>tione</span> <span class='ocrx_word' id='word_1_212' title='bbox 221 2579 294 2642; x_wconf 90' lang='lat' dir='ltr'>quae</span> <span class='ocrx_word' id='word_1_213' title='bbox 308 2554 424 2618; x_wconf 89' lang='lat' dir='ltr'>dicitur</span> <span class='ocrx_word' id='word_1_214' title='bbox 436 2555 546 2619; x_wconf 87' lang='lat' dir='ltr'>Gravii</span> <span class='ocrx_word' id='word_1_215' title='bbox 558 2568 589 2619; x_wconf 91' lang='lat' dir='ltr'>et</span> <span class='ocrx_word' id='word_1_216' title='bbox 603 2553 635 2617; x_wconf 91' lang='lat' dir='ltr'>in</span> <span class='ocrx_word' id='word_1_217' title='bbox 650 2554 771 2640; x_wconf 91' lang='lat' dir='ltr'>aliquot</span> <span class='ocrx_word' id='word_1_218' title='bbox 785 2555 916 2621; x_wconf 89' lang='lat' dir='ltr'>vetustis</span> <span class='ocrx_word' id='word_1_219' title='bbox 929 2557 1171 2644; x_wconf 86' lang='lat' dir='ltr'>exemplaribus.</span> 
     </span>
     <span class='ocr_line' id='line_1_27' title="bbox 123 2640 1172 2728; baseline 0.003 -23"><span class='ocrx_word' id='word_1_220' title='bbox 123 2641 267 2706; x_wconf 87' lang='lat' dir='ltr'>Libellus</span> <span class='ocrx_word' id='word_1_221' title='bbox 281 2653 416 2728; x_wconf 86' lang='lat' dir='ltr'>precum</span> <span class='ocrx_word' id='word_1_222' title='bbox 426 2640 604 2705; x_wconf 85' lang='lat' dir='ltr'>Marcellini</span> <span class='ocrx_word' id='word_1_223' title='bbox 618 2652 650 2704; x_wconf 90' lang='lat' dir='ltr'>et</span> <span class='ocrx_word' id='word_1_224' title='bbox 666 2641 827 2706; x_wconf 86' lang='lat' dir='ltr'>Faustini:</span> <span class='ocrx_word' id='word_1_225' title='bbox 849 2643 962 2707; x_wconf 79' lang='lat' dir='ltr'>Perdit</span> <span class='ocrx_word' id='word_1_226' title='bbox 978 2645 1064 2708; x_wconf 82' lang='lat' dir='ltr'>enirn</span> <span class='ocrx_word' id='word_1_227' title='bbox 1083 2645 1120 2707; x_wconf 89' lang='lat' dir='ltr'>in</span> <span class='ocrx_word' id='word_1_228' title='bbox 1138 2665 1172 2720; x_wconf 75' lang='lat' dir='ltr'>sa</span> 
     </span>
     <span class='ocr_line' id='line_1_28' title="bbox 125 2728 1172 2818; baseline 0 -24"><span class='ocrx_word' id='word_1_229' title='bbox 125 2729 304 2794; x_wconf 75' lang='lat' dir='ltr'>Christiani</span> <span class='ocrx_word' id='word_1_230' title='bbox 324 2729 462 2791; x_wconf 83' lang='lat' dir='ltr'>nominis</span> <span class='ocrx_word' id='word_1_231' title='bbox 483 2728 723 2815; x_wconf 80' lang='lat' dir='ltr'>appellationem</span> <span class='ocrx_word' id='word_1_232' title='bbox 737 2731 793 2814; x_wconf 85' lang='lat' dir='ltr'>qni</span> <span class='ocrx_word' id='word_1_233' title='bbox 810 2728 1008 2794; x_wconf 74' lang='lat' dir='ltr'>Christiana</span> <span class='ocrx_word' id='word_1_234' title='bbox 1027 2732 1172 2818; x_wconf 82' lang='lat' dir='ltr'>seqnitur</span> 
     </span>
     <span class='ocr_line' id='line_1_29' title="bbox 122 2812 1172 2911; baseline 0.002 -32"><span class='ocrx_word' id='word_1_235' title='bbox 122 2815 333 2902; x_wconf 84' lang='lat' dir='ltr'>disciplinam.</span> <span class='ocrx_word' id='word_1_236' title='bbox 358 2815 489 2878; x_wconf 74' lang='lat' dir='ltr'>Barna.</span> <span class='ocrx_word' id='word_1_237' title='bbox 535 2813 759 2877; x_wconf 85' lang='lat' dir='ltr'>Revocandam</span> <span class='ocrx_word' id='word_1_238' title='bbox 773 2812 916 2911; x_wconf 84' lang='lat' dir='ltr'>judicavi</span> <span class='ocrx_word' id='word_1_239' title='bbox 934 2815 1096 2901; x_wconf 91' lang='lat' dir='ltr'>pristinam</span> <span class='ocrx_word' id='word_1_240' title='bbox 1110 2815 1172 2880; x_wconf 89' lang='lat' dir='ltr'>lec-</span> 
     </span>
     <span class='ocr_line' id='line_1_30' title="bbox 123 2898 1171 2986; baseline 0.002 -21"><span class='ocrx_word' id='word_1_241' title='bbox 123 2901 240 2965; x_wconf 90' lang='lat' dir='ltr'>tionem</span> <span class='ocrx_word' id='word_1_242' title='bbox 254 2902 364 2977; x_wconf 79' lang='lat' dir='ltr'>sacnti,</span> <span class='ocrx_word' id='word_1_243' title='bbox 380 2922 477 2986; x_wconf 87' lang='lat' dir='ltr'>quam</span> <span class='ocrx_word' id='word_1_244' title='bbox 499 2899 691 2986; x_wconf 88' lang='lat' dir='ltr'>praestabant</span> <span class='ocrx_word' id='word_1_245' title='bbox 712 2898 833 2964; x_wconf 80' lang='lat' dir='ltr'>codices</span> <span class='ocrx_word' id='word_1_246' title='bbox 853 2922 907 2964; x_wconf 88' lang='lat' dir='ltr'>sex</span> <span class='ocrx_word' id='word_1_247' title='bbox 926 2900 983 2964; x_wconf 88' lang='lat' dir='ltr'>scri</span> <span class='ocrx_word' id='word_1_248' title='bbox 1007 2902 1031 2967; x_wconf 91' lang='lat' dir='ltr'>ti</span> <span class='ocrx_word' id='word_1_249' title='bbox 1044 2903 1077 2968; x_wconf 92' lang='lat' dir='ltr'>in</span> <span class='ocrx_word' id='word_1_250' title='bbox 1093 2902 1171 2967; x_wconf 91' lang='lat' dir='ltr'>edit.</span> 
     </span>
     <span class='ocr_line' id='line_1_31' title="bbox 124 2985 1173 3074; baseline 0.003 -22"><span class='ocrx_word' id='word_1_251' title='bbox 124 2990 229 3052; x_wconf 90' lang='lat' dir='ltr'>Oxon.</span> <span class='ocrx_word' id='word_1_252' title='bbox 244 2986 395 3051; x_wconf 90' lang='lat' dir='ltr'>nominati</span> <span class='ocrx_word' id='word_1_253' title='bbox 408 2986 551 3074; x_wconf 89' lang='lat' dir='ltr'>liberque</span> <span class='ocrx_word' id='word_1_254' title='bbox 565 2986 650 3051; x_wconf 91' lang='lat' dir='ltr'>Novi</span> <span class='ocrx_word' id='word_1_255' title='bbox 665 2985 745 3051; x_wconf 77' lang='lat' dir='ltr'>coll,</span> <span class='ocrx_word' id='word_1_256' title='bbox 764 3007 793 3051; x_wconf 89' lang='lat'>1.</span> <span class='ocrx_word' id='word_1_257' title='bbox 838 2985 958 3066; x_wconf 83' lang='lat' dir='ltr'>Quidni</span> <span class='ocrx_word' id='word_1_258' title='bbox 1003 3002 1068 3054; x_wconf 86' lang='lat' dir='ltr'>tera</span> <span class='ocrx_word' id='word_1_259' title='bbox 1080 2989 1173 3055; x_wconf 90' lang='lat' dir='ltr'>lectio</span> 
     </span>
     <span class='ocr_line' id='line_1_32' title="bbox 124 3072 783 3161; baseline -0.002 -23"><span class='ocrx_word' id='word_1_260' title='bbox 124 3075 242 3138; x_wconf 82' lang='lat' dir='ltr'>imitati</span> <span class='ocrx_word' id='word_1_261' title='bbox 256 3072 353 3161; x_wconf 91' lang='lat' dir='ltr'>hujus</span> <span class='ocrx_word' id='word_1_262' title='bbox 367 3072 582 3161; x_wconf 87' lang='lat' dir='ltr'>interpretatio</span> <span class='ocrx_word' id='word_1_263' title='bbox 597 3076 783 3139; x_wconf 85' lang='lat' dir='ltr'>censeatur?</span> 
     </span>
    </p>
   </div>
   <div class='ocr_carea' id='block_1_4' title="bbox 0 0 1344 4830">
    <p class='ocr_par' dir='ltr' id='par_1_8' title="bbox 0 0 1344 4830">
     <span class='ocr_line' id='line_1_33' title="bbox 0 0 1344 4830; baseline 0 0"><span class='ocrx_word' id='word_1_264' title='bbox 0 0 1344 4830; x_wconf 95' lang='lat' dir='ltr'> </span> 
     </span>
    </p>
   </div>
  </div>
 </body>
</html>
