2678 4830
173 326 239 399 132
527 331 867 398 TERTULLIANI

175 531 302 580 vocem
320 505 625 578 in'contentione:
655 505 744 578 nihii
763 505 1004 604 consequeris,
1022 503 1091 577 nisi
1111 504 1226 578 bilem

176 622 221 698 de
239 621 561 720 blasphematione.

225 740 294 813 Ille
305 765 400 829 vero,
415 739 443 811 si
458 738 538 836 quis
552 750 605 811 est
622 742 724 837 cujus
742 766 849 812 causa
867 739 902 811 in
915 764 1147 837 congressum
1163 737 1227 811 de-

173 856 315 931 scendis
334 855 601 956 scripturarum,
615 869 656 929 ut
674 883 757 929 eum
772 854 998 929 dubitantem
1019 857 1225 941 confirmes,

174 974 219 1048 ad
241 974 441 1062 veritatem,
460 1001 503 1045 an
528 973 642 1072 magis
667 974 711 1046 ad
736 973 888 1046 haereses
913 973 1106 1071 deverget?
1136 972 1252 1057 Hoos

166 1090 253 1190 'ipso
281 1103 411 1179 motus,
429 1089 525 1187 quod
547 1101 583 1162 te
602 1089 722 1163 videat
748 1090 838 1163 nihil
864 1090 1097 1190 promovisse,
1116 1116 1224 1187 aequo

174 1206 286 1307 gradu
300 1206 454 1305 negandi
469 1219 506 1278 et
520 1205 735 1278 defendendi
752 1206 890 1279 diversa
908 1219 1008 1304 parte
1026 1218 1221 1292 statutum;

172 1335 269 1396 certe
287 1324 331 1395 de
348 1324 423 1423 pari
443 1323 672 1396 altercatione
691 1323 857 1396 incertior
873 1323 1045 1413 discedet,
1059 1323 1222 1396 nesciens
1319 1413 1323 1423 Ι

172 1466 283 1540 quam
299 1441 461 1514 haeresim
475 1440 626 1537 judicet.
653 1440 746 1513 Haec
761 1440 883 1538 utique
897 1453 933 1513 et
950 1441 1017 1539 ipsi
1034 1439 1169 1513 habent
1184 1440 1221 1512 in

172 1585 239 1631 nos
248 1570 461 1655 retorquere.
474 1557 694 1630 Necesseest
705 1557 802 1630 enim
812 1570 848 1630 et
858 1557 939 1629 iilos
950 1556 1107 1647 dicere,a
1116 1557 1221 1629 nobis
1236 1585 1272 1623 10

171 1675 293 1774 potius
312 1673 482 1746 adulteria
496 1674 766 1772 scripturarum,
779 1686 815 1746 et
831 1674 1099 1773 expositionum
1119 1701 1223 1747 men·

173 1791 275 1864 dacia
294 1790 425 1878 inferri,
442 1790 504 1886 qui
523 1790 673 1888 proinde
691 1790 758 1862 sibi
776 1789 971 1863 defendant
988 1791 1189 1863 veritatem.

222 1907 321 2006 Ergo
339 1933 411 1978 non
429 1905 472 1979 ad
491 1905 683 2005 scripturas
705 1907 975 2005 provocandum
993 1918 1068 1980 cst:
1095 1934 1162 1981 neo
1182 1906 1218 1981 in

115 2033 122 2048 '
172 2023 229 2098 his
260 2021 552 2096 constituendum
581 2035 774 2111 certamen,
799 2023 837 2095 in
866 2022 997 2120 quibus
1028 2036 1089 2097 aut
1117 2026 1219 2098 nulla

170 2154 234 2215 aut
254 2139 389 2214 incerta
407 2139 554 2214 victoria
571 2152 636 2225 est,
656 2153 718 2213 aut
740 2166 805 2240 par
826 2139 982 2213 incertae.
1032 2141 1129 2214 Nam
1150 2143 1216 2216 etsi
1231 2165 1266 2225 15

168 2283 243 2331 non
260 2257 310 2330 ita
327 2256 490 2330 evaderet
507 2256 663 2329 conlatio
681 2256 949 2355 scripturarum,
967 2269 1009 2329 ut
1027 2270 1218 2357 utramque

168 2387 306 2474 partem
325 2400 450 2474 parem
469 2372 619 2463 sisteret,
633 2373 720 2446 ordo
738 2400 855 2448 rerum
873 2372 1108 2462 desiderabat,
1126 2374 1217 2447 illud

166 2492 266 2593 prius
288 2490 454 2592 proponi,
472 2489 568 2588 quod
593 2516 690 2563 nunc
715 2491 832 2564 solum
855 2489 1114 2591 disputandum
1139 2504 1216 2566 est:

168 2606 310 2691 Quibus
328 2621 511 2709 competat
528 2606 617 2681 fides
638 2607 740 2708 ipsa?
783 2607 897 2703 Cujus
916 2608 988 2681 sint
1006 2609 1213 2708 scripturae?

165 2723 201 2795 A
219 2750 302 2820 quo,
320 2737 356 2797 et
373 2752 437 2824 per
453 2752 555 2822 quos,
572 2737 609 2797 et
626 2723 782 2821 quando,
800 2738 836 2798 et
859 2724 990 2822 quibus
1014 2726 1061 2799 sit
1083 2726 1264 2800 tradita20

166 2839 368 2939 disciplina,
386 2867 457 2937 qua
474 2843 569 2915 fiunt
586 2841 806 2914 Christiani?
851 2840 927 2914 Ubi
947 2842 1043 2914 enim
1063 2870 1214 2943 apparu-

165 2956 233 3030 erit
249 2984 327 3029 esse
344 2957 531 3030 veritatem
550 2971 586 3031 et
608 2957 808 3058 disciplinae
825 2971 862 3031 et
878 2958 962 3031 fidei
982 2958 1213 3046 Christianae3

164 3073 240 3147 illic
266 3074 333 3148 erit
358 3074 485 3148 veritas
512 3075 779 3175 scripturarum,
804 3087 841 3148 et
871 3075 1150 3173 expositionum,
1176 3090 1213 3151 et

164 3193 329 3266 omnium
348 3190 582 3265 traditionum
602 3186 920 3266 Christianarum(

37 3335 121 3385 cnr.
215 3308 381 3382 Christus
404 3309 511 3382 Jesus
533 3308 716 3382 Dominus
740 3321 870 3397 noster,
889 3309 1076 3407 permittat
1093 3310 1209 3385 dicere
1222 3338 1257 3399 25

164 3424 320 3515 interim,
334 3426 494 3523 quisquis
508 3439 574 3514 est,
587 3426 848 3524 cujuscumque
865 3425 937 3499 Dei
955 3427 1080 3519 Filius,
1092 3428 1211 3524 cujus-

164 3567 322 3637 cumque
346 3542 502 3615 materiae
526 3542 634 3615 homo
655 3555 690 3615 et
712 3542 827 3631 Deus,
846 3543 1106 3643 cujuscumque
1124 3547 1210 3619 fidei

161 3669 371 3757 praeceptor,
385 3657 644 3755 cujuscumque
661 3660 835 3733 mercedis
853 3662 1102 3763 repromissum
1121 3663 1210 3760 quid

16 3814 70 3849 oen.
82 3799 124 3879 ³³5.
162 3785 266 3865 esset,
283 3773 370 3872 quid
387 3774 523 3864 fuisset,
540 3801 650 3872 quam
673 3776 789 3850 Patris
807 3778 1029 3852 voluntatem
1055 3779 1210 3852 admini-

16 3881 133 3980 fflu'
163 3903 300 3982 straret,
316 3890 403 3990 quid
429 3890 566 3964 homini
590 3891 770 3990 agendum
795 3892 1059 3985 determinaret,
1080 3922 1258 3993 quam-30

4 3996 134 4109 123]ssss
162 4006 224 4082 diu
250 4007 287 4080 in
313 4007 415 4080 terris
439 4009 578 4105 agebat,
596 4008 672 4109 ipse
694 4012 957 4109 pronunciabat
980 4013 1054 4085 sive
1070 4015 1208 4112 populo

0 4131 9 4199 i
27 4125 126 4238 :ff
161 4125 294 4225 palam,
320 4125 394 4198 sive
420 4122 640 4198 discentibus
667 4153 847 4201 seorsum:
882 4154 927 4201 ex
957 4129 1088 4226 quibus
1119 4129 1208 4204 duo-

3 4270 7 4295 ι
26 4254 150 4306 nemu
160 4239 277 4315 decim
303 4232 502 4341 praecipuos
520 4243 620 4316 lateri
638 4271 704 4316 suo
721 4245 913 4345 adlegerat,
930 4244 1127 4320 destinatos
1144 4274 1208 4320 na-
