2678 4830
148 314 190 376 10
377 313 408 375 S.
426 309 701 376 POLYCARPI
724 310 963 374 EPISTOLA

146 487 224 589 ρίου
259 485 360 584 ἡμῶν
396 482 672 584 ε’κλελεγμένων·
715 485 773 562 καὶ
809 481 863 561 ὅτι
900 484 922 582 ἡ
958 486 1091 577 βεβαία
1125 489 1187 585 τῆς

147 614 302 696 πίστεως
320 613 416 710 ὑμῶν
433 609 525 714 ῥίζα,
542 610 586 717 ἐξ
595 611 752 715 ἀρχαιων
770 610 1087 712 καταγγελλομένη
1099 609 1184 717 χρύ-

147 776 232 837 νων,
253 738 358 844 μέχρι
376 747 438 818 νῦν
457 737 623 838 διαμένει,
644 740 703 817 καὶ
720 744 942 846 καρποφορεῖ
960 744 1009 823 εἱς
1026 737 1090 819 τὸν
1110 740 1185 820 Κύ-

146 902 223 972 ριον
246 869 348 968 ἡμῶν
371 868 515 968 Ἰησοῦν
540 864 717 970 Χριστὸν,
739 865 778 952 ῦς
803 865 983 966 ὑπέμεινεν
1006 864 1096 970 ῦπέρ
1118 874 1189 948 τῶν

109 1035 127 1082 t
147 1000 327 1101 ἁμαρτιῶν
350 997 451 1097 ἡμῶν
476 996 541 1080 ἕως
559 993 713 1075 θανάτου
731 999 962 1095 καταντῆσαι·
992 993 1034 1075 δν
1051 995 1211 1100 ἤγειρεν5

110 1127 168 1204 sir
196 1123 289 1209 Θεὸς
315 1123 433 1209 λύσας
459 1121 523 1208 τὰς
551 1125 677 1208 ὠδῖνας
710 1132 774 1203 τοῦ
800 1120 899 1230 ᾅδου.
959 1128 1022 1207 Eis
1054 1121 1096 1203 δν
1127 1125 1190 1204 οῦκ

148 1251 279 1339 ἰδόντες
302 1251 501 1349 πιστεύετε,
527 1250 754 1336 πιστεύοντες
780 1248 818 1330 δὲ
843 1254 1073 1352 ἀγαλλιᾶσθε
1097 1259 1191 1360 χαρᾷ

148 1379 380 1489 ἀνεκλαλήτῳ
398 1384 457 1460 καὶ
481 1380 737 1487 δεδοξασμένῃ·
769 1385 817 1462 είς
841 1377 885 1477 ἣν
907 1381 1043 1459 πολλοὶ
1064 1381 1186 1460 ε’πιθν·

116 1542 139 1590 s.
148 1520 278 1611 μοῦσιν
297 1514 484 1606 εἰσελθεῖν,
501 1505 629 1593 εἰδότες
647 1506 702 1587 ὅτι
719 1506 841 1613 χάριτί
850 1504 932 1587 ε’στε
945 1507 1187 1607 σεσωσμένοι,

149 1641 212 1719 οὐκ
231 1637 275 1745 ἐξ
290 1637 418 1741 ἔργων,
439 1636 538 1715 ἀλλὰ
556 1634 730 1735 θελήματι
748 1641 857 1733 θεοῦ,
879 1634 938 1716 διὰ
955 1637 1078 1736 Ἰησοῦ
1095 1641 1185 1740 Χρι·
1200 1677 1230 1716 ιο

149 1774 252 1847 στοῦ.

115 1939 138 1984 3.
203 1892 255 1988 β’.
281 1890 350 1972 Διῦ
373 1890 636 1994 ἀναζωσάμνοι
660 1891 724 1978 τοὶς
747 1891 889 2000 ὀσφύας
908 1891 1125 1972 δουλεύσατε
1143 1899 1190 2001 τῷ

215 2027 231 2045 Λ
268 2023 276 2048 5
363 2018 372 2046 Ι
501 2023 513 2051 ἱ
554 2023 562 2047 2
661 2022 671 2051 Ι
746 2023 754 2047 2
882 2017 891 2045 Ι
1025 2014 1035 2046 ἱ
1157 2019 1167 2047 λ

112 2080 115 2093 ·
150 2027 232 2129 θειρ
259 2056 296 2101 εν
324 2027 429 2128 φαβερ
457 2055 515 2100 και
542 2025 705 2127 αληθειᾳ,
733 2031 969 2105 απολιποντες
996 2055 1062 2119 την
1090 2056 1190 2122 κενην

119 2198 139 2232 1.
148 2151 420 2251 ματαιολογίαν,
441 2151 500 2228 καὶ
517 2147 582 2248 τὴν
599 2157 672 2229 τῶν
689 2155 841 2229 πολλῶν
863 2146 1020 2248 πλανὴν,
1040 2149 1186 2230 πιστεύ·

148 2313 278 2362 σαντες
307 2282 355 2361 εἰς
380 2273 445 2356 τὸν
467 2278 650 2380 ε’γείραντα
674 2274 736 2357 τὸν
764 2276 897 2381 Κύριον
924 2278 1025 2378 ἡμῶν
1049 2279 1225 2378 Ἰησοῦνις

148 2403 311 2512 Χριστὸν
335 2408 374 2485 ἐκ
398 2413 545 2510 νεκρῶν,
566 2408 624 2484 καὶ
647 2403 755 2485 δόντα
777 2406 871 2511 αύτῷ
894 2400 1004 2510 δόξαν
1029 2408 1088 2484 καὶ
1106 2402 1189 2510 θρύ-

114 2563 128 2610 t.
149 2570 211 2617 νον
229 2539 266 2615 ἐκ
285 2536 410 2643 δεξιῶν
426 2537 546 2615 αῦτοῦ·
577 2532 606 2643 ᾧ
624 2533 783 2636 ῦπετοίγη
801 2530 847 2611 τὰ
869 2531 988 2612 πάντα
1005 2533 1192 2638 ἐπουράνια

151 2667 210 2744 καὶ
227 2666 373 2766 ἐπίγεια·
405 2658 434 2769 ᾧ
451 2670 556 2743 πᾶσα
572 2661 665 2762 πνοὴ
683 2659 881 2766 ’λατρεύευ
904 2658 943 2745 ῦς
960 2660 1098 2766 ἔρχεται
1115 2697 1189 2766 κρι-

151 2833 214 2891 veri
233 2830 325 2908 regni,
346 2849 399 2906 per
418 2831 577 2887 Dominum
597 2850 649 2887 no·
692 2833 765 2896 estis,
778 2851 829 2888 ιιοα
843 2851 875 2888 sc
888 2831 1020 2905 operibus,
1032 2831 1084 2889 sed
1097 2832 1129 2889 in
1142 2851 1193 2891 vo·

150 2926 242 2972 strum
250 2912 351 2969 Jesum
360 2911 517 2968 Chn'stum.
535 2911 573 2968 Et
584 2912 652 2985 quis
691 2911 806 2970 luntute
827 2913 892 2980 Dei,
915 2931 968 2988 pes
987 2912 1089 2970 Jesum
1112 2913 1193 2971 Chri·

150 2994 271 3052 firmitss
284 2993 352 3050 fidei
361 3003 465 3049 vestrae
479 3010 497 3047 s
509 2992 651 3067 principio
692 3003 779 3049 stum.

151 3094 245 3150 usque
265 3094 344 3133 nunc
364 3085 526 3150 permanet,
546 3084 576 3130 et
594 3073 653 3130 fru-
736 3074 774 3130 II.
805 3073 944 3150 ‘Propter
972 3074 1044 3151 quod
1068 3076 1196 3133 succincti

152 3157 260 3215 ctificat
270 3157 301 3214 in
311 3155 439 3213 Domino
446 3153 465 3211 J
466 3173 518 3211 esu
527 3154 652 3221 Christo,
694 3154 795 3212 lumbus
808 3164 912 3214 uestros
924 3157 1025 3213 servite
1037 3158 1123 3214 ⁸Dso
1138 3176 1195 3214 cum

152 3239 203 3316 qui
223 3238 358 3297 sustinuit
378 3236 579 3314 propeccatis
599 3255 652 3293 no·
694 3237 790 3293 timore
810 3248 839 3293 et
859 3237 890 3293 in
910 3238 1051 3295 veritate:
1076 3237 1194 3296 dimisso

151 3321 217 3379 stris
230 3340 322 3397 usque
338 3320 375 3378 ud
388 3317 545 3376 mortemb:
563 3325 653 3394 cquem
693 3319 775 3376 inani
794 3319 962 3393 vaniloquio
983 3331 1015 3377 et
1035 3321 1130 3377 multo
1152 3339 1195 3378 er·

152 3402 322 3458 resuscitavit
335 3403 423 3465 Deus,
441 3400 587 3457 dissolvens
605 3401 652 3456 do·
693 3419 768 3458 rore.
791 3398 804 3435 ¹¹
816 3400 924 3456 Credite
937 3419 1005 3478 ergo
1019 3401 1047 3457 iu
1060 3401 1137 3457 iilum
1150 3402 1196 3477 qui

153 3484 224 3539 lures
237 3483 347 3556 inserui.
389 3477 496 3544 “Quem
511 3501 589 3557 quum
601 3501 653 3538 αοα
693 3483 864 3540 resuscitavit
900 3483 1043 3539 Dominum
1077 3491 1196 3539 rostrum

152 3563 286 3628 videritis,
301 3562 515 3637 nuccdiliqitis5
536 3564 653 3639 inquens
693 3565 787 3621 Jesum
809 3563 943 3620 Christum
965 3583 998 3620 ec
1021 3564 1143 3630 mortuis,
1166 3573 1196 3620 et

153 3663 221 3701 runc
247 3663 298 3701 nou
324 3644 490 3718 afficientes,
519 3645 651 3703 creditis:
693 3645 774 3702 dedit
794 3645 822 3702 ei
842 3645 963 3722 glorium
985 3655 1015 3701 et
1041 3645 1141 3702 sedem
1164 3644 1195 3701 in

153 3726 290 3782 credentes
311 3734 399 3782 autem
417 3725 570 3800 quudebitis
588 3745 655 3800 ραιι-
696 3727 815 3783 dexteru
829 3744 896 3791 suu;
920 3727 968 3783 cui
983 3726 1116 3802 subjectu
1129 3735 1197 3782 sunt

153 3807 198 3864 uic
212 3807 387 3864 inenarrabili
400 3816 427 3863 et
438 3807 593 3882 qlcrifieato
604 3830 613 3862 :
628 3808 656 3864 iu
698 3808 797 3865 omnis
821 3807 960 3872 coelestiu,
984 3817 1014 3864 et
1037 3807 1195 3871 terrestris,

154 3889 225 3964 quud
249 3888 327 3945 multi
353 3888 505 3944 desiderant
532 3888 655 3955 introire,
698 3899 728 3945 et
741 3889 945 3954 subterraneu;
969 3887 1016 3945 cui
1029 3888 1125 3945 omnis
1139 3887 1196 3963 spi-

154 3970 278 4029 scientes
293 3970 361 4045 quis
372 3970 466 4045 qratia
479 3969 571 4026 ‘salvi
578 3969 659 4044 facti
696 3971 768 4027 ritus
789 3969 894 4036 servit3
919 3969 969 4046 qui
988 3980 1129 4027 venturus
1153 3979 1198 4027 est

575 4098 616 4144 Ec
627 4097 712 4145 Smithi
723 4098 777 4145 edit.

186 4182 252 4229 ιΞΛΙ.
265 4178 388 4242 λιι-τρίτα.
457 4179 705 4240 bAdde,percersire.
779 4180 860 4227 cAcu
872 4180 897 4227 ii.
913 4192 951 4238 24·
1030 4179 1135 4228 dsPet.
1147 4178 1163 4226 i.
1173 4178 1197 4225 8.

154 4246 340 4309 euphrasii&
407 4245 586 4306 fsPeti.13.
653 4245 832 4294 secutum.
899 4244 1087 4292 bsecutst.
