2678 4830
157 303 221 365 144
511 296 853 363 TERTULLIANI

155 486 281 575 patum
310 471 535 563 constitutoS,
560 469 748 571 apostolici
776 468 921 542 seminis
948 467 1113 541 traduces
1141 459 1209 543 ha-

156 594 265 666 beant
284 588 382 691 (for.
397 590 544 679 babent,
558 587 758 682 Latinius).
798 587 1020 684 Confingant
1045 587 1117 660 tale
1143 587 1210 660 ali-

156 709 244 808 quid
269 707 438 781 baeretici·
483 705 581 790 Quid
611 704 708 777 enim
736 703 805 776 illis
831 716 914 802 post
939 704 1205 802 blasphemiam

156 825 337 900 inlicitum
359 825 436 897 est?
472 822 554 913 Sed,
577 822 644 895 etsi
671 820 922 910 confinxerint,
945 820 1035 893 nibil
1062 848 1208 920 promo·

155 945 302 1016 vebunt.
355 942 442 1040 Ipsa
464 940 561 1013 enim
586 939 748 1012 doctrina
765 964 887 1010 eorum
908 964 990 1010 cum
1010 939 1233 1037 apostolicas

157 1071 375 1157 comparata,
399 1083 443 1128 ex
467 1055 671 1129 diversitate
697 1068 734 1126 et
760 1052 1009 1126 contrarietate
1036 1081 1100 1126 sua
1124 1080 1208 1152 pro-

157 1174 349 1265 nuntiabit,
368 1199 484 1271 neque
510 1172 662 1273 apostoli
688 1171 838 1267 alicujus
864 1170 1017 1243 auctoris
1039 1197 1126 1255 esse,
1146 1198 1208 1244 ne-

157 1318 228 1389 que
246 1289 455 1392 apostolici:
480 1289 565 1387 quia
584 1287 677 1362 sicut
696 1286 848 1386 apostoli
866 1313 938 1358 non
958 1286 1095 1359 diversa
1114 1287 1208 1361 inter

158 1435 196 1481 se
221 1407 448 1491 docuissent3
475 1405 526 1478 ita
551 1419 588 1479 et
614 1404 798 1505 apostolici
827 1430 899 1475 non
925 1403 1100 1476 contraria
1121 1432 1209 1504 apo-

158 1526 259 1599 stolis
285 1523 492 1613 edidissent,
518 1522 586 1595 nisi
613 1521 665 1594 illi
691 1520 753 1619 qui
781 1521 826 1593 ab
852 1520 1022 1618 apostolis
1048 1518 1256 1596 descive-ro·

157 1655 253 1730 runt,
271 1654 308 1714 et
331 1639 432 1713 aliter
455 1639 746 1738 praedicaverunt.
798 1636 856 1709 Ad
881 1638 976 1709 banc
998 1637 1119 1734 itaque
1136 1638 1207 1711 for-

159 1784 257 1832 mam
276 1756 566 1856 provocabuntur
584 1756 628 1827 ab
646 1754 716 1827 illis
735 1752 905 1843 ecclesiis,
924 1780 1004 1850 quae
1025 1752 1109 1826 licet
1127 1757 1207 1828 nul-

158 1876 237 1948 lum
250 1900 295 1946 ex
313 1871 483 1972 apostolis
497 1871 552 1943 vel
571 1870 775 1970 apostolicis
795 1884 978 1943 auctorem
999 1898 1104 1943 suum
1122 1901 1206 1971 pro-

158 1990 286 2078 ferant,
307 1999 349 2060 ut
373 1984 488 2059 multo
511 1986 736 2085 posteriores
759 2012 840 2083 quae
863 1984 1021 2083 denique
1045 1987 1207 2085 quotidie

159 2105 414 2180 instituuntur:
432 2114 555 2174 tamen
574 2101 610 2174 in
629 2102 754 2178 eadem
773 2102 845 2175 fide
864 2104 1119 2203 conspirantes,
1134 2132 1205 2177 non
1222 2124 1255 2192 15

158 2219 281 2294 minus
315 2217 520 2318 apostolicae
554 2217 773 2317 deputantur
802 2246 868 2319 pro
895 2220 1207 2319 consanguinitate

159 2336 341 2411 doctrinae.
388 2335 446 2407 lta
465 2361 591 2406 omnes
611 2334 761 2408 baereses
779 2334 822 2408 ad
841 2348 1034 2434 utramque
1051 2337 1206 2411 formam

161 2480 182 2526 a
199 2452 328 2526 nostris
345 2450 505 2525 ecclesiis
522 2466 734 2551 provocatae,
751 2454 906 2551 probent
924 2480 962 2526 se
979 2478 1124 2550 quaqua
1139 2482 1207 2554 pu-

85 2549 92 2563 ’
159 2582 238 2643 tant
265 2569 488 2670 apostolicas.
541 2568 613 2642 Sed
640 2567 728 2641 adeo
754 2596 821 2642 nec
848 2584 943 2660 sunt,
964 2598 1031 2643 nec
1056 2571 1206 2670 probare

160 2699 311 2785 possunt
333 2684 431 2784 quod
457 2712 529 2757 non
556 2697 651 2773 sunt,
677 2711 743 2758 nec
769 2685 990 2787 recipiuntur
1016 2686 1053 2758 in
1078 2713 1256 2786 pacem20

160 2816 198 2876 et
211 2801 576 2875 communicationem
597 2801 642 2872 ab
660 2802 819 2874 ecclesiis
833 2830 980 2901 quoquo
999 2803 1108 2877 modo
1123 2832 1208 2903 apo-

161 2919 316 2994 stolicis:
351 2917 488 2990 scilieet
516 2918 563 2989 ob
594 2915 837 2992 diversitatem
866 2921 1080 2995 sacramenti
1105 2923 1207 2994 nullo

161 3037 271 3111 modo
289 3034 507 3134 apostolicae.

18 3165 132 3282 &fl-1
210 3152 380 3227 Adhibeo
403 3178 510 3251 super
532 3150 613 3224 haec
636 3152 793 3252 ipsarum
819 3154 1059 3230 doctrinarum
1086 3182 1207 3254 recog-

133 3266 140 3280 ’
163 3272 348 3361 nitionem,
361 3297 441 3368 quae
460 3281 548 3342 tunc
566 3271 632 3342 sub
651 3271 820 3371 apostolis
838 3271 996 3360 fuerunt,
1016 3274 1061 3345 ab
1079 3271 1204 3345 iisdem
1218 3304 1252 3364 25

161 3389 330 3491 apostolis
356 3401 393 3459 et
418 3385 671 3460 demonstratae
697 3401 733 3460 et
759 3387 910 3484 ejeratae.
961 3388 1059 3461 Nam
1091 3404 1126 3463 et
1157 3389 1207 3462 sic

160 3506 300 3582 facilius
325 3502 578 3577 traducentur:
604 3503 692 3576 dum
720 3519 783 3577 aut
802 3511 880 3602 jam
905 3518 992 3578 tunc
1012 3507 1122 3578 fuisse
1146 3507 1208 3578 de-

161 3619 452 3720 prehendentur;
477 3631 539 3691 aut
561 3644 606 3690 ex
628 3618 710 3710 illis,
728 3647 809 3716 quae
829 3620 905 3716 jam
934 3632 1021 3693 tunc
1047 3621 1207 3709 fuerunt,

25 3764 131 3814 com.
161 3735 300 3808 semina
326 3733 533 3834 sumpsisse.
586 3734 718 3807 Paulus
740 3735 776 3808 in
800 3736 916 3835 prima
934 3735 977 3808 ad
997 3736 1207 3808 Corinthios

162 3863 264 3925 notat
281 3863 468 3949 negatores
486 3864 522 3924 et
539 3850 760 3924 dubitatores
783 3853 1062 3925 resurrectionis
1115 3851 1207 3924 Haec
1217 3879 1256 3936 30

161 3967 285 4067 opinio
309 3966 452 4065 propria
475 3965 776 4040 Sadducaeorum:
803 3982 941 4067 partem
960 3969 1036 4064 ejus
1059 3981 1208 4067 usurpat

163 4083 342 4173 Marcion,
359 4095 395 4179 et
412 4083 570 4182 Apelles,
587 4097 623 4156 et
640 4084 866 4173 Valentinus,
885 4098 921 4156 et
939 4084 968 4156 ai
987 4085 1049 4181 qui
1072 4083 1130 4156 alii
1155 4111 1208 4154 re-

18 4213 54 4262 tal.
66 4230 89 4262 v.
162 4199 417 4292 surrectionem
437 4199 552 4292 carnis
572 4199 782 4299 infringunt.
828 4199 878 4272 Et
896 4198 939 4272 ad
959 4200 1106 4273 Galatas
1125 4199 1208 4273 scri-
