2678 4830
197 345 248 409 IN
270 345 300 408 S.
316 342 452 407 CYPR.
470 342 535 404 DE
552 340 709 404 OPERE
730 341 794 404 ET
812 340 1048 406 ELEEMOS.
1092 341 1157 411 339

154 519 193 580 P.
206 534 281 600 302.
296 512 318 576 l.
334 525 384 596 25.
407 509 606 597 aequalitatis]
627 512 678 574 Ita
695 512 848 575 Erasmus
863 526 894 575 et
912 511 963 574 alii
981 525 1053 598 post
1070 534 1155 575 eum.

108 600 207 666 Nolui
230 614 335 663 autem
359 610 491 674 mutare,
515 596 660 681 quamvis
683 596 717 659 in
740 597 885 661 omnibus
910 597 975 661 fere
998 596 1157 661 codicibus

107 685 245 773 antiquis
268 684 354 749 etin
381 682 604 747 vetustioribus
625 680 814 746 editionibus
840 682 962 769 legatur
988 684 1155 768 (equitatis.

109 775 241 837 Batus.
285 771 385 833 Recte
403 781 554 855 praestant
575 767 766 854 <equalitatis
787 767 858 833 cod.
880 767 964 833 Novi
981 767 1062 833 Coll.
1081 787 1109 836 2.
1125 783 1157 833 et

109 860 182 922 MS.
199 879 302 942 nuper
317 857 552 920 Tewateranus

152 945 192 1007 P.
207 962 283 1040 303.
305 941 327 1006 l.
345 960 393 1003 10.
417 939 573 1004 Praeclara
586 962 623 1004 ac
637 939 744 1003 divina
758 940 822 1027 res]
840 939 959 1003 Melius
976 940 1158 1027 procederet

107 1028 218 1104 oratio,
234 1051 260 1092 s1
274 1027 431 1113 legeretur
445 1048 495 1089 res
509 1035 565 1089 est.

154 1113 238 1179 Ibid.
262 1113 286 1177 l.
304 1114 354 1179 26.
383 1110 558 1199 reditionis]
583 1111 664 1174 Dies
684 1133 742 1175 nos
764 1112 814 1174 aei
832 1111 1028 1176 redditionis.
1074 1113 1157 1175 Ter-

110 1199 260 1264 tullianus
282 1198 322 1262 de
344 1198 525 1261 Resurrect.
548 1195 660 1260 Carnis
679 1219 708 1260 c.
724 1215 778 1282 32.
800 1197 1037 1262 redhibitionem
1058 1197 1159 1283 ponit.

110 1286 224 1350 Altera
242 1283 334 1347 lectio
351 1305 424 1368 quae
445 1283 627 1346 reditionern
648 1281 754 1358 habet,
771 1281 911 1369 Rigaltio
925 1306 987 1347 non
1003 1282 1158 1369 displicet:

110 1386 149 1435 ut
164 1378 187 1409 “
198 1369 321 1446 reditio,
357 1391 406 1432 uae
418 1382 588 1455 spontanea
598 1367 735 1445 videtur,
747 1368 955 1454 persecutioni
970 1384 1159 1468 opponatur,

113 1465 136 1496 “
151 1480 224 1543 quae
238 1469 284 1519 est
297 1391 445 1518 vidienta.
483 1454 541 1518 Vel
555 1454 672 1540 potiuS,
687 1467 724 1517 ut
739 1477 795 1541 per
809 1455 995 1519 raditionem
1009 1454 1162 1542 intellige

114 1550 136 1581 “
152 1557 205 1607 tur
219 1542 251 1605 in
266 1540 447 1627 paradisum
459 1539 574 1617 aditus,
587 1540 672 1603 unde
687 1540 837 1626 expulsus
851 1555 996 1626 peccator
1004 1541 1162 1620 Adamus,

115 1635 138 1667 “
153 1641 185 1692 et
200 1626 364 1725 progenies
379 1626 493 1689 Adami
509 1625 624 1689 infecta
637 1639 776 1712 peccato.
822 1629 895 1690 Hoc
910 1641 1074 1713 peccatum
1089 1626 1163 1690 abo-

115 1722 137 1754 “
153 1713 229 1777 levit
245 1712 402 1791 Christus,
418 1727 514 1797 atque
532 1711 606 1775 inde
625 1710 699 1774 boni
715 1711 885 1776 Christiani
903 1712 1037 1777 redeunt
1056 1712 1088 1776 in
1108 1735 1163 1800 pa-

115 1807 136 1838 “
151 1798 303 1875 radisum,
318 1821 383 1883 quo
399 1797 517 1862 Cainus
536 1796 696 1861 fratricida
716 1819 780 1860 non
799 1797 903 1876 rediit,
923 1797 1026 1885 inquit
1047 1797 1163 1897 Cypri-

114 1894 137 1925 ‘⁴
152 1907 243 1963 anus,
258 1883 299 1947 de
319 1884 397 1947 Zelo
417 1894 449 1946 et
469 1883 587 1947 Livore
607 1882 666 1947 sub
686 1882 811 1947 finem.''
833 1885 939 1948 Fata.
984 1887 1164 1971 Cyprianus

113 1971 210 2058 paulo
225 1993 321 2056 supra
335 1969 367 2033 in
382 1969 442 2033 hoc
456 1968 561 2033 libello
574 1970 702 2034 reduces
721 1970 765 2033 ad
775 1971 970 2056 paradisum
977 1973 1096 2058 facere
1110 1970 1164 2033 ha

113 2059 178 2135 bet,
195 2069 226 2121 et
241 2057 302 2120 sub
316 2057 409 2119 finem
424 2056 479 2118 lib.
495 2056 532 2118 de
546 2056 757 2131 Mortaiitate‚
776 2078 833 2118 nos
850 2057 1005 2140 paradiso
1024 2059 1165 2121 restituit

113 2152 144 2207 et
165 2164 278 2231 reguo.
330 2143 423 2207 ,281.
461 2141 588 2204 Primus
612 2140 772 2204 Pamelius
788 2162 898 2202 vocem
918 2142 1105 2205 redditionis
1125 2165 1165 2205 ex

114 2229 221 2292 MStis
242 2244 273 2291 et
321 2225 429 2289 oannis
457 2225 577 2289 Costeri
604 2227 682 2288 cast'
730 2226 867 2289 tionibus
892 2225 1019 2312 recepit.
1063 2230 1165 2292 Extat

114 2313 243 2400 quidem
265 2312 334 2397 ipsa
355 2309 388 2373 in
412 2309 480 2373 cod.
508 2309 592 2374 Novi
616 2309 698 2374 Col.
723 2328 754 2389 2,
776 2324 871 2396 atquc
893 2311 976 2375 idem
1000 2312 1163 2399 significat,

115 2398 202 2484 quod
216 2398 394 2476 retributio,
410 2419 483 2481 quae
519 2395 625 2459 uidem
639 2419 702 2459 vox
725 2409 772 2459 est
791 2397 989 2484 Cyprianica.
1035 2399 1166 2462 Verum·

116 2498 221 2548 tamen
244 2506 303 2570 ego
325 2505 396 2546 cum
421 2420 561 2568 Rigaitio
585 2481 718 2546 sentiens
739 2495 875 2546 veterem
899 2482 1061 2548 lectionem
1083 2485 1167 2548 redi-

117 2570 213 2632 tionis
236 2591 381 2633 revocare
403 2568 508 2647 statui,
524 2591 597 2653 quae
619 2567 651 2631 in
677 2591 731 2632 sex
753 2568 841 2632 libris
863 2569 985 2656 scriptis
1006 2570 1093 2656 apud
1115 2570 1165 2634 ed.

118 2656 223 2717 Oxon.
246 2670 278 2719 et
298 2654 331 2717 in
352 2668 489 2739 utroque
508 2656 608 2718 MSto
629 2677 710 2733 meo,
729 2655 852 2718 namin
874 2658 1081 2721 Tewaterano
1102 2657 1168 2742 pri-

117 2739 214 2802 mitus
229 2740 343 2826 scripta
356 2740 472 2817 fuerat,
487 2755 612 2828 reperta
625 2754 681 2804 est.
716 2742 831 2805 Vocem
846 2742 1013 2807 reditionis
1027 2742 1167 2829 agnoscit

119 2825 263 2889 Plautus.
308 2829 353 2889 Et
372 2826 563 2892 conveniunt
577 2828 690 2891 reditio
706 2838 737 2890 et
752 2830 932 2913 persecutio
950 2828 1009 2892 hoc
1027 2829 1167 2979 locopo-

1133 2937 1168 2978 ro

118 2911 186 2974 sitae
207 2934 280 2975 curn
301 2910 361 2976 illis
383 2914 545 2978 accersitio
568 2928 598 2977 et
644 2916 805 2992 ersecutio,
827 2937 901 3000 quae
921 2937 1016 3001 supra
1035 2914 1067 2979 in
1087 2914 1108 2978 li

118 2997 157 3061 de
171 2999 370 3063 Mortalitate
383 2999 474 3064 nobis
488 2936 702 3064 occurrebitnt.
720 3023 754 3089 p.
769 3015 843 3083 277.
