2678 4830
332 339 397 402 DE
421 332 823 404 PRAEscRIPTIONE
848 341 977 404 HAER.
1117 342 1181 406 lat

125 507 346 584 edificanda
376 509 537 584 ecclesiae
568 511 711 583 Petram
746 510 899 597 dictum,
930 513 1046 585 claves
1076 513 1178 613 regni
1189 525 1262 576 Matr
1274 528 1325 577 xvi·

124 628 299 699 coelorum
332 639 581 717 consecutum,
610 638 648 700 et
682 627 843 701 solvendi
874 642 912 703 et
941 629 1109 727 alligandi
1140 631 1178 703 in

124 742 226 817 coelis
254 743 354 814 etin
380 741 481 816 terris
508 745 750 842 potestatem?
793 745 919 819 Latuit
942 759 978 818 et
994 745 1323 822 Joannemsoan.xxr.

123 855 272 954 aliquid,
301 855 579 931 dilectissimum
610 858 785 949 Domino,
809 862 945 960 pectori
974 861 1051 958 ejus
1078 862 1179 936 incu-

97 975 283 1066 5bantcm,
301 975 360 1047 cui
387 975 453 1047 soli
479 975 664 1048 Dominus
687 976 825 1050 Judam
851 977 1060 1051 traditorem
1087 1002 1323 1077 prae-Joanaiii.

123 1091 346 1177 monstravit,
365 1119 474 1190 quem
499 1093 579 1166 loco
604 1120 669 1166 suo
687 1094 804 1168 filium
830 1095 960 1168 Mariae
982 1094 1321 1171 demanda-,roman⁴

122 1208 197 1282 vit?
242 1208 342 1292 Quid
369 1235 428 1282 eos
456 1210 638 1309 ignorasse
662 1211 788 1301 voluit,
805 1212 937 1308 quihus
963 1211 1073 1284 etiam
1099 1213 1177 1312 glo-

122 1326 211 1398 riam
239 1346 341 1397 suam
369 1326 548 1414 exhibuit,
567 1341 604 1401 et
630 1322 788 1426 Moysen
814 1341 850 1401 et
877 1328 1038 1417 Heliam,
1059 1343 1096 1403 et
1120 1330 1329 1402 in-Mataxvu

122 1466 229 1542 super
252 1441 298 1514 de
323 1443 419 1516 eoelo
443 1444 558 1517 Patris
575 1471 713 1530 vocem,
734 1472 804 1517 non
830 1446 932 1541 quasi
956 1460 1093 1519 ceteros
1119 1472 1175 1518 re-

79 1561 290 1657 roprobans,
308 1559 370 1632 sed
388 1560 561 1659 quoniam
581 1562 753 1636 iratribus
771 1563 924 1635 testibus
944 1564 1057 1636 stabit
1072 1587 1257 1638 omnemne
1268 1589 1319 1638 xix,

120 1676 307 1749 amdam?
332 1677 594 1775 Ignoraverunt
611 1678 733 1776 itaque
746 1691 784 1752 et
801 1679 865 1770 illi,
878 1679 1009 1777 quibus
1027 1694 1109 1778 post
1122 1705 1175 1752 re-

122 1793 381 1868 surrectionem
412 1821 558 1892 quoque
594 1799 629 1868 in
666 1795 792 1869 itinere
822 1818 949 1869 omnes
980 1797 1174 1895 scripturas

121 1909 313 1984 edisserere
339 1910 508 2010 dignatus
530 1925 594 1986 est.
646 1913 802 1986 Dixerat
824 1913 932 2012 plane
955 1913 1174 2011 aliquando:
1266 1925 1269 1930 '
1325 1924 1330 1935 '

121 2027 253 2102 Multa
284 2029 395 2102 habeo
424 2028 544 2104 adhuc
572 2030 672 2104 vobis
699 2030 810 2130 loqui,
835 2031 902 2104 sed
926 2056 999 2104 aon
1020 2032 1174 2127 potestis
1182 2061 1243 2112 nuc„
1254 2064 1304 2112 xiv.

78 2145 222 2235 r5modo
249 2171 293 2218 eu
317 2146 496 2220 sustinere
509 2180 522 2231 ,·
554 2160 679 2220 tamen
704 2147 885 2244 adjiciens,
916 2149 1009 2220 Cum
1033 2149 1318 2227 venenum

121 2262 185 2336 ilie
195 2262 360 2361 Spiritus
375 2265 556 2350 veritatis,
568 2265 647 2361 ipse
662 2290 724 2338 vos
741 2263 939 2338 deducitur
958 2290 1098 2338 omnem
1115 2291 1174 2338 ve·

121 2380 282 2470 ritatem,
307 2379 466 2454 ostendit
488 2380 569 2452 illos
592 2380 684 2453 nihil
709 2380 902 2478 ignorasse,
921 2405 1012 2477 quos
1034 2405 1175 2453 caruem

120 2496 311 2569 veritatem
337 2508 592 2569 consecuturos
621 2521 685 2594 per
710 2495 892 2592 Spiritum
920 2495 1088 2568 veritatis
1118 2520 1173 2566 re-

120 2611 351 2711 promiserat:
384 2625 421 2685 et
447 2611 572 2711 utique
601 2611 766 2711 implevit
793 2612 1064 2711 repromissum,
1090 2636 1173 2710 pro-

75 2730 290 2802 sobantibus
324 2729 427 2803 Actis
462 2730 720 2828 Apostolorum
760 2729 974 2802 descensum
1016 2727 1236 2828 Spiritusne
1249 2749 1274 2796 u.

121 2846 255 2920 Sancti.
309 2846 428 2928 Quam
457 2846 671 2946 scripturam
698 2846 760 2945 qui
787 2873 860 2919 non
885 2844 1077 2945 recipiunt,
1104 2870 1172 2918 nec

121 2962 275 3062 Spiritus
302 2962 423 3035 Sancti
447 2990 524 3036 esse
547 2976 709 3061 possunt,
725 2963 789 3062 qui
814 2961 968 3036 necdum
994 2961 1170 3060 Spiritum

121 3080 296 3153 Sanctum
332 3079 472 3178 possint
511 3105 704 3179 agnoscere
738 3078 960 3153 discentibus
998 3078 1172 3164 missum;

122 3196 184 3269 sed
204 3223 272 3270 nec
289 3196 480 3270 ecclesiam
499 3196 700 3287 defendere,
718 3197 793 3293 qui,
811 3195 967 3293 quando,
986 3195 1170 3292 atquibus

75 3346 110 3404 25
122 3312 347 3387 incunabulis
372 3312 578 3386 institutum
603 3324 657 3385 est
680 3313 751 3386 hoc
770 3337 910 3411 corpus,
928 3311 1078 3409 probare
1096 3337 1170 3383 non

121 3430 267 3503 habent.
317 3430 425 3504 Tanti
450 3429 547 3502 enirn
570 3442 625 3502 est
645 3428 714 3501 illis
735 3456 809 3502 non
833 3428 964 3500 hahere
988 3426 1171 3526 probatio-

120 3573 183 3618 nes
207 3573 343 3637 eorum,
364 3573 445 3644 quae
471 3544 682 3636 defendunt,
704 3573 751 3618 ne
774 3545 907 3644 pariter
932 3542 1171 3616 admittantur

119 3662 363 3736 traductiones
382 3688 518 3752 eorum,
536 3689 617 3761 quae
634 3663 872 3736 mentiuntur.

173 3780 381 3879 Proponunt
398 3806 484 3878 ergo
502 3778 546 3852 ad
564 3779 827 3877 suggillandam
848 3776 1087 3878 ignorantiam
1105 3775 1170 3849 ali·
1213 3800 1298 3850 cnr.

71 3921 230 3993 30quam
254 3898 514 3994 apostolorum,
531 3895 629 3994 quod
648 3895 787 3982 Petrus,
805 3908 842 3968 et
859 3894 922 3992 qui
940 3919 1025 3967 cum
1044 3920 1099 3981 eo,
1113 3867 1307 3983 re-Gfflss'

119 4012 288 4110 prehensi
316 4012 387 4085 sint
414 4040 433 4085 a
460 4012 583 4085 Paulo.
633 4011 748 4100 Adeo,
766 4001 947 4108 inquiunt,
965 4008 1169 4107 aliquideis

120 4127 259 4214 defuit3
280 4143 319 4202 ut
336 4158 382 4203 ex
400 4131 470 4203 hoc
488 4129 599 4202 etiam
617 4128 705 4202 illud
724 4141 875 4217 struant,
893 4127 1053 4226 potuisse
1069 4137 1170 4224 post-

121 4271 162 4316 ca
184 4245 381 4343 pleniorem
406 4245 593 4319 scientiam
620 4245 859 4343 superven're,
877 4242 993 4341 qualis
1017 4242 1171 4314 obvene-

618 4380 679 4443 Κ4
