2678 4830
183 337 235 401 IN
256 337 287 399 S.
303 335 440 399 CYPR.
451 335 515 396 DE
535 335 694 398 OPERE
716 335 779 397 ET
801 333 1038 398 ELEEMOS.
1082 334 1147 398 335

96 509 189 573 dicta.
216 510 323 571 Fati.
365 504 477 569 Statim
493 519 564 592 post
579 504 777 568 scribendum
792 519 872 592 puto
886 507 1013 569 imitata
1027 507 1145 586 Deum,

96 594 240 659 videlicet
254 594 309 679 qui
323 590 534 654 remissionem
548 604 746 678 peccatorum
763 591 818 656 dat
832 592 863 655 in
880 592 1046 678 baptismo.

141 677 180 744 P.
194 681 266 760 284.
282 679 304 740 l.
315 697 369 762 30.
386 677 510 740 salubre
522 692 553 741 et
569 676 776 741 emundandis
789 679 1026 764 purgandisque
1040 701 1149 764 pecca-

97 767 149 851 tis]
163 769 187 830 J
189 788 238 828 am
250 764 358 828 docuit
370 764 560 850 Cyprianus,
574 765 631 827 illa
645 764 758 826 delicta
768 766 985 849 quasueraut
995 775 1068 829 aute
1078 788 1149 828 cou-

98 863 200 918 tracta
217 851 264 934 (h.
277 874 303 913 e.
320 863 392 913 ante
409 849 616 937 baptismum)
635 850 756 913 Christi
775 854 937 938 sanguiue
955 861 985 915 el
1004 853 1147 936 sauctifl-

97 941 219 1002 eatioue
243 938 396 1024 purgari.
453 939 501 999 At
523 959 597 999 vero
618 937 760 999 Joannes
781 937 940 1023 apostolus
965 937 998 1000 in
1021 937 1151 1023 epistola

99 1048 166 1102 sua,
193 1024 233 1087 de
263 1022 408 1086 omnibus
435 1036 466 1085 et
492 1021 644 1085 universis
669 1023 803 1109 peccatis
828 1046 934 1109 agenS,
961 1023 1003 1088 ait
1030 1023 1148 1109 capii.

99 1133 209 1175 comm.
229 1130 256 1171 1.
273 1122 305 1172 et
320 1127 350 1175 2.
374 1108 486 1171 Filioli
505 1111 576 1186 mei,
591 1109 659 1184 hcec,
675 1111 778 1173 scribo
798 1111 895 1186 vohis,
909 1119 947 1173 ut
965 1133 1029 1173 nou
1042 1131 1151 1196 pecce-

100 1200 153 1262 tis.
185 1195 252 1261 Sed
272 1204 302 1258 et
323 1196 352 1257 si
371 1196 444 1280 quis
459 1197 651 1280 peccaverit,
673 1196 859 1258 advocatum
878 1197 1025 1259 hahemus
1040 1198 1152 1259 lesum

104 1283 267 1348 Christum
279 1283 420 1366 justum.
454 1282 503 1343 Et
517 1283 585 1367 ipse
598 1290 645 1344 est
653 1283 844 1367 propitiatio
851 1305 916 1368 pro
930 1284 1068 1368 peccatis
1082 1304 1154 1346 uos-

103 1371 174 1433 tris.
211 1366 341 1431 Etenim
356 1364 513 1442 ChristuS,
531 1368 620 1429 Deus
635 1379 666 1430 et
684 1367 789 1444 homo,
808 1369 911 1431 hostia
931 1377 978 1431 est
997 1390 1060 1430 riou
1081 1377 1153 1431 tau·

103 1465 169 1519 tum
182 1476 244 1540 pro
258 1462 385 1540 peccato
398 1454 550 1539 originis,
565 1453 727 1516 sedetiam
739 1477 805 1540 pro
819 1455 963 1517 omnihus
976 1455 1154 1517 actualibus

103 1542 264 1604 homiuum
282 1540 436 1625 peccatis;
464 1551 559 1624 prout
587 1538 620 1601 in
643 1540 799 1603 Articulis
821 1541 915 1602 Fidei
940 1563 1005 1604 suae
1028 1540 1156 1603 ecclesia

104 1625 241 1711 Anglica
258 1625 432 1711 profitetur.
473 1623 552 1688 Fide
567 1625 598 1688 in
616 1624 735 1688 Christi
751 1625 932 1712 sanguinem
948 1639 1076 1712 peccata
1089 1649 1157 1689 om-

105 1713 157 1776 nia
171 1725 360 1798 purgantur,
375 1733 412 1773 ac
426 1709 489 1773 fide
503 1733 598 1796 opera
613 1711 695 1774 bona
708 1711 790 1775 fiunt
804 1711 939 1775 efficacia
953 1712 992 1775 ad
1004 1711 1156 1798 justifica-

105 1799 233 1863 tionem.
257 1797 374 1862 Confer
390 1798 420 1859 S.
434 1796 545 1861 Jacobi
559 1799 666 1884 Epist.
679 1797 711 1862 ii.
726 1817 777 1878 24.
806 1799 907 1862 Porro
921 1809 1073 1885 operatur
1086 1799 1157 1862 ideo

105 1887 181 1972 quia
195 1885 306 1961 eredit,
323 1883 402 1946 bene
421 1882 464 1946 ait
479 1883 659 1970 Cyprianus
673 1897 746 1949 ante
760 1884 899 1948 medium
915 1884 1000 1948 hunc
1014 1883 1156 1948 libellum

105 1995 139 2058 p.
153 1971 225 2054 289.
244 1969 298 2034 sed
313 1970 378 2032 fere
392 1968 510 2032 ibidem
527 1970 636 2034 statuit
655 1970 875 2056 admonetque,
892 1973 991 2035 uitam
1007 1980 1157 2034 cateruam

109 2058 231 2122 Christi
256 2077 367 2119 cruore
393 2058 566 2140 pretiosam
588 2057 626 2119 ele
645 2059 839 2142 patrimonio
860 2079 918 2119 suo
939 2077 1088 2142 quemque
1107 2057 1158 2118 de-

107 2145 177 2207 bere
192 2144 337 2205 mercari.
382 2143 428 2204 Et
444 2155 547 2227 potest
561 2141 639 2216 fieri,
656 2155 693 2205 ut
711 2141 915 2226 eleemosynae
931 2141 993 2202 vim
1008 2155 1039 2204 et
1054 2140 1156 2204 effica-

107 2229 186 2294 ciam
201 2228 234 2290 in
249 2224 395 2290 tollendis
412 2226 547 2311 peccatis
561 2225 653 2289 nimis
667 2227 776 2289 efferre
791 2226 1015 2290 recentioribus
1052 2225 1158 2290 uidem

109 2312 261 2399 theologis
276 2311 420 2374 videatur
441 2311 630 2398 Cyprianus,
647 2312 815 2398 Origenem
835 2311 868 2375 in
889 2312 947 2376 hac
966 2335 1000 2375 re
1020 2250 1158 2399 diosque

110 2414 228 2464 veteres
247 2396 411 2483 scriptores
428 2397 578 2461 imitatus.
625 2398 687 2461 Sed
702 2397 795 2462 etiam
812 2397 1007 2485 Polycarpus
1020 2399 1054 2461 in
1069 2422 1158 2484 egre-

109 2486 162 2571 gia
174 2508 230 2548 sua
241 2481 371 2569 epistola
383 2485 411 2566 ξ.
427 2503 474 2546 Ιο.
488 2483 547 2547 hoc
564 2485 696 2562 monuit,
711 2487 815 2558 Quaem
826 2487 956 2570 potestis
970 2485 1159 2571 benefacere,

110 2572 205 2634 uolite
229 2570 370 2655 differre,
394 2571 470 2655 quia
495 2571 687 2655 eleemosyna
711 2572 749 2633 de
775 2580 873 2635 morte
898 2571 1020 2648 liberat,
1049 2585 1158 2634 testem
1231 2603 1234 2608 ·

110 2657 219 2733 citans,
235 2654 502 2740 quemadmodum
524 2655 714 2741 Cyprianus,
733 2655 848 2720 librum
870 2658 963 2722 Tohit
977 2655 1030 2719 xii.
1042 2678 1073 2737 4.
1113 2658 1160 2720 Et

113 2742 258 2807 Christus
276 2739 343 2826 ipse
362 2763 458 2826 opera
477 2740 694 2806 misericordiae
710 2756 741 2806 et
760 2742 919 2820 beneficia,
941 2765 1015 2829 quae
1034 2742 1068 2805 in
1088 2765 1160 2805 suos

111 2828 222 2893 collata
235 2826 364 2902 fuerint,
379 2840 496 2890 aeterna
509 2826 655 2891 felicitate
675 2843 947 2892 remuneraturum
963 2852 995 2891 se
1010 2851 1075 2892 esse
1089 2827 1157 2914 pol·

112 2915 232 2980 licetur.
278 2915 324 2977 Et
347 2935 422 2976 vero
444 2912 503 2976 hoc
523 2913 571 2991 fit,
586 2936 650 2977 non
669 2929 798 3001 propter
819 2914 965 2979 meritum
988 2914 1159 2978 eorundem

113 3023 254 3088 operum,
280 2999 333 3064 sed
357 3013 486 3085 propter
512 2999 630 3065 Christi
655 3015 799 3079 mortem,
826 3001 1066 3088 pactionemque
1092 3001 1161 3087 ejus

114 3111 187 3156 cum
201 3086 379 3150 hominibus
393 3085 633 3149 misericordem.

157 3175 195 3237 P.
211 3174 250 3240 28
252 3190 284 3256 5.
301 3172 321 3236 l.
337 3172 367 3235 8.
390 3173 510 3235 ceritas
529 3172 565 3233 iu
584 3173 673 3235 uobis
687 3194 751 3235 aaa
765 3172 823 3254 est]
848 3173 962 3235 Postea
980 3171 1109 3235 additur
1128 3171 1159 3235 in

114 3259 249 3345 vulgatis
273 3256 480 3321 editionibus:
506 3259 546 3321 Si
568 3267 673 3320 autem
694 3258 827 3341 eortfissi
839 3258 1010 3342 fuerimus
1031 3268 1162 3342 peccata

113 3355 234 3421 mostra,
243 3344 355 3429 fidelis
374 3346 530 3429 etjustus
550 3352 596 3407 est
610 3344 771 3406 Dominus
789 3344 844 3428 qui
862 3344 951 3406 uobis
964 3352 1096 3429 peccata
1109 3343 1160 3406 di-

113 3433 228 3495 mittut.
254 3429 487 3506 Verumtamen,
504 3428 561 3492 etsi
576 3452 613 3492 ea
627 3441 735 3492 extent
751 3427 784 3490 in
799 3427 988 3514 quibusdam
1004 3428 1163 3492 codicibus

114 3515 261 3602 antiquis,
277 3537 350 3578 cum
365 3513 582 3578 desiderentur
599 3515 633 3577 in
651 3513 806 3577 sexdecim
821 3514 946 3592 nostris,
961 3513 995 3577 in
1008 3513 1117 3600 primis
1130 3515 1162 3578 in

117 3601 330 3687 Seguieriano,
346 3600 378 3662 in
398 3623 452 3663 sex
472 3599 668 3687 Anglicanis,
686 3613 718 3663 et
737 3599 823 3684 apud
847 3614 987 3664 sanctum
1007 3601 1164 3687 Augusti-

115 3707 192 3749 num
214 3687 246 3749 in
269 3686 343 3749 locis
363 3708 458 3771 supra
477 3684 623 3764 laudatis,
641 3685 753 3773 putavi
773 3709 809 3748 ea
829 3707 891 3749 non
913 3710 979 3750 esse
999 3686 1162 3774 Cypriani,

117 3770 170 3833 sed
184 3773 353 3857 aquodam
376 3770 514 3834 studioso
534 3771 597 3836 huc
615 3771 764 3836 translata
778 3795 817 3834 ex
833 3772 963 3857 epistola
981 3772 1085 3836 Sancti
1101 3775 1124 3836 J
1127 3794 1163 3835 o·

116 3856 215 3919 annis
262 3860 355 3921 Certe
370 3857 489 3943 absque
503 3855 541 3920 iis
554 3880 617 3921 non
632 3857 737 3920 minus
751 3870 871 3921 constat
886 3880 1003 3921 sensus.
1028 3859 1163 3922 Banuz.

118 3943 181 4004 Sex
205 3941 363 4007 codicibus
389 3941 529 4031 Anglicis
552 3943 585 4006 in
611 3943 684 4007 edit.
711 3946 814 4007 Oxou.
837 3942 1084 4006 commemoratis
1105 3942 1163 4006 ad-

116 4026 212 4089 dendi
235 4042 308 4091 sunt
329 4029 420 4093 codd.
443 4029 508 4093 duo
534 4029 619 4092 Novi
642 4029 785 4115 Collegii,
814 4028 869 4092 ubi
889 4030 1004 4093 absunt
1029 4028 1125 4091 verba
1146 4052 1165 4092 a

117 4111 249 4175 Baluzio
271 4114 487 4197 praetermissa,
506 4137 616 4178 verum
635 4129 743 4179 extant
762 4114 795 4178 in
815 4114 889 4178 edit.
910 4114 1062 4202 Cypriani
1081 4114 1166 4200 prin-

116 4197 184 4284 cipe
199 4211 231 4261 et
247 4200 346 4262 MSto
361 4214 495 4286 utroque
510 4224 588 4264 meo.

161 4286 200 4347 Ρ.
216 4285 289 4366 287.
310 4284 332 4347 l.
348 4305 399 4352 12.
422 4309 485 4349 non
498 4299 620 4351 tantum
635 4309 655 4348 a
669 4285 817 4363 secunda,
832 4285 886 4348 sed
901 4309 920 4348 a
933 4287 1035 4372 prima
1049 4288 1164 4376 morte]

117 4369 225 4433 Prima
240 4392 334 4448 mors,
351 4372 509 4458 eorporis3
534 4371 671 4436 secunda
684 4371 807 4436 animae.
845 4370 900 4434 Ait
913 4370 1021 4458 igitur,
1036 4371 1166 4437 eleemo-
