2678 4830
161 332 225 393 158
466 324 716 390 ADVERSUS
739 321 902 387 OMNES

160 525 271 598 quam
300 496 466 585 salutem,
491 496 559 571 nisi
592 496 630 569 in
656 495 803 568 nomine
829 520 896 568 suo
922 490 1128 594 baptizatus
1153 490 1216 565 fu-

158 617 256 691 isset.
308 619 460 689 Secutus
486 627 541 688 est
566 627 649 713 post
675 612 756 686 haec
777 625 814 685 et
837 610 1066 697 Saturninus,
1089 620 1126 681 et
1150 607 1212 682 hic

159 732 326 807 similiter
343 731 466 806 dicens
486 730 734 804 innascibilem
752 729 935 819 virtutem,
948 725 984 800 id
1002 739 1057 800 est
1073 725 1212 816 Deum,

160 851 198 923 in
216 849 369 922 summis
387 861 424 922 et
447 847 516 920 illis
534 847 686 920 infinitis
704 846 880 946 partibus,
898 858 935 918 et
959 843 997 916 in
1020 842 1213 942 superiori-

161 967 229 1040 bus
247 992 413 1051 manere3
440 965 548 1064 longe
567 979 688 1037 autem
707 962 882 1036 distantes
905 962 950 1034 ab
973 961 1042 1033 hoc
1063 959 1238 1057 angeloss

161 1083 343 1156 inferiores
362 1079 539 1154 mundum
557 1080 702 1165 fecisse;
719 1078 858 1177 etquis
876 1076 1044 1178 splendor
1060 1075 1210 1173 quidam

161 1199 308 1273 luminis
326 1198 516 1271 desursum
535 1197 572 1269 in
592 1195 819 1269 inferioribus
833 1193 1039 1283 refulsisset,
1053 1192 1098 1265 ad
1111 1192 1212 1265 simi-

161 1316 352 1390 litudinem
370 1315 466 1388 illius
486 1314 635 1389 luminis
653 1313 800 1411 angelos
819 1309 1004 1384 hominem
1024 1309 1211 1383 instituere

161 1433 307 1533 angelos
327 1429 424 1533 (for.
444 1431 584 1505 delend.
603 1432 702 1529 ang.)
722 1455 886 1502 curasse:
906 1427 1004 1500 hunc
1016 1453 1124 1525 super
1140 1438 1211 1499 ter-

161 1578 237 1625 ram
246 1550 403 1647 jacuisse
415 1561 616 1648 reptantem
630 1577 638 1621 z
657 1547 713 1644 cuj
719 1574 760 1620 us
773 1543 870 1646 (jor.
884 1544 958 1642 cui)
971 1546 1095 1617 lumen
1109 1541 1210 1635 illud,
1224 1574 1261 1614 ιο

161 1678 198 1739 et
211 1665 378 1739 virtutem
399 1664 497 1737 illam
516 1664 735 1764 superiorem
754 1675 900 1764 propter
916 1658 1209 1746 misericordiam,

162 1780 354 1855 scintillam
383 1777 480 1881 (for.
497 1779 650 1854 addend.
669 1780 752 1854 vitae
774 1777 979 1868 immisisse,
1000 1778 1094 1851 hanc
1117 1777 1210 1851 scin-

162 1899 279 1972 tillam
300 1897 386 1972 Vid.
399 1900 538 1992 notam)
558 1898 693 1970 salvam
711 1923 799 1986 esse,
817 1909 935 1968 cetera
955 1893 1112 1967 hominis
1130 1921 1211 1994 per·

163 2015 224 2089 ire.
276 2014 464 2087 Christum
488 2014 524 2088 in
547 2013 748 2087 substantia
768 2012 925 2108 corporis
944 2038 1016 2085 non
1034 2011 1155 2100 fuisse,
1173 2025 1211 2086 et

159 2131 414 2232 phantasmate
432 2141 574 2204 tantum
593 2129 694 2228 quasi
714 2154 859 2229 passum
878 2128 1010 2201 fuisse:
1037 2154 1210 2201 resurrec-
1223 2156 1256 2215 15

160 2249 296 2323 tionem
329 2249 445 2322 carnis
474 2248 575 2321 nullo
608 2246 719 2323 modo
747 2245 905 2318 futuram
938 2272 1026 2318 esse.
1082 2245 1210 2317 Postea

159 2364 337 2439 Basilides
357 2364 546 2438 haereticus
564 2363 703 2463 erupit3
731 2362 792 2437 hic
809 2389 887 2435 esse
910 2361 998 2435 dicit
1022 2387 1207 2435 summurn

158 2482 284 2557 Deum
310 2482 458 2556 nomine
477 2482 662 2570 Abraxan,
684 2507 729 2553 ex
756 2506 829 2577 quo
855 2492 1016 2552 mentem
1041 2492 1210 2569 creatam,

160 2626 270 2698 quam
300 2598 427 2673 Graece
455 2608 515 2672 νοῦν
545 2598 725 2697 appellat3
758 2595 842 2669 inde
867 2597 1039 2681 verbum,
1074 2622 1120 2669 ex
1146 2595 1209 2669 illo
1329 2659 1332 2669 .

159 2715 437 2814 providentiam,
463 2742 507 2788 ex
538 2714 764 2815 providentia
791 2713 975 2803 virtutem,
1001 2726 1037 2786 et
1068 2712 1209 2812 sapien·
1220 2738 1258 2777 20

160 2830 271 2917 tiam;
292 2857 339 2903 ex
356 2832 444 2930 ipsis
461 2830 545 2904 inde
563 2830 798 2930 principatus,
815 2844 852 2903 et
868 2844 1076 2930 potestates,
1093 2842 1130 2902 et
1147 2856 1210 2904 an-

161 2948 259 3047 gelos
277 2948 411 3033 factos3
430 2948 560 3021 deinde
577 2948 735 3021 infinitas
754 2948 963 3047 angelorum
983 2947 1158 3020 editiones
1172 2960 1210 3020 et

160 3065 351 3164 probolas:
379 3067 424 3138 ab
448 3065 524 3140 istis
547 3064 683 3163 angelis
701 3077 880 3138 trecentos
898 3065 1084 3163 sexaginta
1101 3063 1210 3161 quin-

159 3208 230 3279 que
247 3183 358 3256 coelos
376 3182 573 3271 institutos,
586 3194 623 3254 et
638 3179 816 3255 mundum
836 3181 873 3253 in
891 3181 1027 3253 honore
1040 3181 1208 3269 Abraxae,

160 3298 262 3395 cujus
281 3325 415 3373 nomen
439 3299 538 3372 hunc
562 3297 599 3370 in
617 3323 655 3370 se
673 3297 830 3370 habebat
848 3323 1038 3369 numerum
1057 3323 1209 3397 compu-
1219 3321 1254 3380 25

160 3427 288 3489 tatum.
318 3416 364 3488 In
382 3415 521 3488 ultimis
539 3414 688 3511 quidem
707 3414 853 3513 angelis,
865 3427 902 3486 et
919 3416 982 3510 qui
1000 3413 1099 3486 bunc
1115 3413 1208 3488 fece-

160 3543 245 3603 runt
263 3532 453 3616 mundum,
471 3530 706 3603 novissimum
725 3530 828 3630 ponit
839 3531 865 3604 J
868 3529 1052 3603 udaeorum
1072 3530 1207 3620 Deum,

160 3645 196 3719 id
220 3659 286 3736 est,
312 3646 436 3719 Deum
463 3646 551 3744 legis
578 3659 614 3719 et
639 3648 921 3747 prophetarum3
948 3673 1056 3745 quem
1082 3647 1206 3720 Deum

160 3774 279 3860 negat,
307 3762 369 3835 sed
398 3763 567 3860 angelum
598 3760 698 3836 dicit.
752 3763 852 3836 Huic
884 3763 1009 3836 sortito
1036 3762 1207 3860 obtigisse

160 3905 283 3952 semen
308 3878 477 3966 Abrahae,
503 3892 612 3975 atque
637 3879 718 3952 ideo
745 3880 843 3952 huno
867 3880 913 3953 de
937 3892 1031 3953 terra
1051 3877 1256 3978 AEgypti30

160 3996 254 4070 filios
272 3995 383 4069 lsrael
401 3995 436 4068 in
456 4008 584 4068 terram
599 3996 786 4070 Chanaam
806 3995 1039 4069 transtulisse.
1092 3995 1207 4070 Hunc

161 4113 457 4186 turbulentiorem
488 4138 563 4212 prae
594 4113 720 4186 ceteris
751 4113 898 4211 angelis,
925 4130 1033 4210 atque
1062 4113 1145 4187 ideo
1170 4126 1208 4184 ct

161 4228 352 4302 seditiones
376 4229 580 4329 frequenter
596 4242 633 4303 et
656 4230 749 4302 bella
770 4241 973 4319 concutere,
991 4228 1052 4303 sed
1077 4243 1113 4302 et
1138 4229 1207 4302 hu·
1297 4234 1299 4239 ’
