2678 4830
427 356 491 418 DE
516 353 888 420 MORTALITATE.
1118 357 1182 424 273

134 525 228 598 sicut
252 525 425 624 scriptum
452 539 526 599 cst:
558 525 660 599 Vasa
670 523 795 625 figuli
813 527 948 625 probat
963 524 1119 628 foruna,
1146 539 1335 603 etummu

134 639 292 713 homiues
296 639 424 741 justos
440 642 591 714 tentatio
609 641 868 715 tribulationis.
921 641 1008 716 Hoc
1023 641 1181 740 denique

133 755 226 828 inter
255 783 320 829 nos
350 769 388 829 et
417 770 563 830 caeteros
592 758 741 831 interest
766 759 829 856 qui
859 760 981 832 Deum
1013 760 1181 833 nesciunt

134 871 229 968 quod
255 871 307 945 illi
333 872 371 944 in
398 873 554 947 adversis
580 887 782 972 queruntur
799 890 835 948 et
855 890 1095 965 murmurant,
1115 904 1180 950 nos

105 987 279 1070 sadversa
302 1015 375 1061 non
402 1004 553 1064 avocant
576 1017 596 1063 a
618 991 759 1064 virtutis
778 1003 815 1064 et
836 990 921 1063 fidei
939 992 1099 1080 veritate,
1117 993 1180 1066 sed

133 1104 363 1177 corroborant
380 1104 417 1177 in
435 1104 567 1179 dolore.
617 1106 703 1179 Hoc
721 1106 818 1202 quod
839 1133 936 1180 nunc
953 1108 1111 1206 corporis
1129 1110 1181 1182 vi-

133 1246 188 1293 res
206 1221 343 1293 solutus
361 1221 400 1293 in
418 1223 558 1295 fluxum
577 1235 701 1295 venter
718 1223 900 1314 eviscerat,
916 1224 1015 1322 quod
1040 1225 1077 1297 in
1102 1225 1181 1300 fau·

134 1336 232 1411 cium
257 1337 405 1411 vulnera
427 1351 622 1438 conceptus
645 1339 854 1413 medullitus
877 1340 971 1439 ignis
994 1354 1180 1431 exaestuat,

133 1455 231 1552 quod
245 1453 388 1528 assiduo
400 1455 538 1528 vomitu
553 1455 721 1529 intestina
735 1456 958 1554 quatiuntur,
972 1457 1069 1554 quod
1085 1460 1179 1533 oculi

89 1574 168 1647 10vi
191 1571 376 1670 sanguinis
400 1571 640 1662 inardescunt,
664 1573 760 1670 quod
784 1573 1010 1670 quorundam
1036 1576 1093 1648 vel
1119 1603 1182 1675 pe-

132 1689 195 1764 des
212 1689 269 1762 vel
293 1690 421 1787 aliquae
446 1690 693 1762 membrorum
716 1703 835 1788 partes
858 1690 1026 1789 contagio
1045 1694 1181 1766 morbi·

133 1805 188 1878 dae
217 1804 417 1904 putredinis
452 1818 698 1903 amputantur,
727 1804 824 1903 quod
858 1832 923 1904 per
949 1810 1110 1904 jacturas
1144 1827 1182 1883 et

132 1919 264 1994 damna
285 1943 476 2020 corporum
497 1934 755 2020 prorumpente
777 1922 951 2020 languore
973 1923 1030 1995 vel
1053 1921 1183 1995 debili-

131 2049 228 2110 tatur
252 2037 426 2128 incessus,
452 2037 510 2111 vel
537 2037 679 2110 auditus
705 2038 915 2127 obstruitur,
938 2040 995 2113 vel
1022 2052 1182 2112 coecatur

87 2181 122 2244 15
133 2165 310 2256 aspectus,
328 2151 373 2225 ad
390 2153 650 2227 documentum
669 2153 813 2252 proficit
831 2153 926 2226 fidei.
974 2153 1110 2228 Contra
1127 2168 1182 2228 tot

132 2273 290 2371 impetus
307 2269 483 2344 vastitatis
497 2283 533 2342 et
552 2268 677 2341 mortis
694 2269 898 2342 inconcussi
917 2270 1029 2343 animi
1043 2270 1184 2343 virtuti-

133 2391 200 2461 bus
221 2385 390 2485 congredi
410 2398 544 2482 quanta
561 2383 716 2485 pectoris
735 2385 947 2484 magnitudo
967 2399 1032 2477 est,
1048 2399 1183 2484 quanta

133 2503 336 2578 sublimitas
361 2500 600 2574 interminas
626 2500 766 2598 generis
796 2501 946 2574 humani
973 2515 1065 2575 stare
1087 2529 1183 2577 erec-

133 2632 224 2709 tum,
247 2644 314 2692 nec
336 2643 421 2691 eum
445 2616 497 2689 eis
523 2616 654 2715 quibus
679 2642 760 2716 spes
786 2616 824 2688 in
849 2617 972 2691 Deum
1001 2619 1101 2691 nulla
1126 2631 1204 2695 est.

87 2737 248 2834 rejacere
265 2733 508 2834 prostratum?
536 2732 717 2806 Gratulari
742 2732 856 2832 magis
879 2747 987 2808 estet
1008 2734 1181 2834 temporis

133 2879 267 2926 munus
291 2850 462 2950 amplecti
487 2849 586 2948 quod
608 2849 697 2924 dum
723 2863 880 2924 nostram
909 2851 1020 2924 fidem
1043 2851 1183 2925 fortiter

132 2968 346 3069 promimus,
368 2980 406 3040 et
428 2968 550 3040 labore
574 2967 725 3040 tolerato
752 2966 795 3039 ad
821 2967 1007 3041 Christum
1032 2994 1097 3067 per
1119 2995 1183 3042 an-

133 3102 277 3189 gustam
302 3087 439 3161 Christi
461 3086 558 3159 viam
581 3086 778 3186 pergimus,
796 3087 989 3186 praemium
1012 3087 1080 3160 viae
1103 3085 1181 3183 ejus

132 3218 170 3279 ct
185 3205 269 3279 fidei
286 3205 366 3304 ipso
377 3202 565 3300 judicante
582 3202 779 3302 capiamus

86 3345 121 3407 25
182 3322 252 3396 IX.
271 3321 372 3395 Mori
389 3320 496 3419 plane
512 3319 651 3407 timeat,
664 3317 726 3390 sed
744 3317 807 3415 qui
825 3342 871 3389 ex
889 3342 981 3414 aqua
998 3329 1035 3389 et
1052 3317 1180 3416 spiritu

132 3466 205 3512 non
222 3450 379 3524 renatus,
397 3436 573 3534 gehennae
591 3433 736 3533 ignibus
754 3433 989 3531 mancipatur.
1021 3431 1119 3506 Mori
1136 3432 1181 3506 ti-

133 3569 231 3631 meat
256 3554 320 3654 qui
347 3580 421 3626 non
449 3550 586 3624 Christi
611 3576 717 3624 cruce
742 3562 780 3622 et
806 3548 970 3649 passione
1000 3562 1178 3624 censetur.

133 3672 231 3745 Mori
248 3671 376 3744 timeat
388 3668 450 3767 qui
469 3667 514 3741 ad
532 3667 727 3741 secundam
745 3679 898 3740 mortem
913 3665 958 3739 de
977 3666 1046 3740 hac
1064 3681 1180 3742 morte

132 3787 309 3860 transibit.
352 3785 449 3860 Mori
469 3784 594 3858 timeat
611 3811 721 3882 quem
739 3783 785 3857 de
802 3782 933 3857 saeculo
951 3784 1177 3858 recedentem

84 3903 352 4000 soperennibus
370 3901 490 4002 poenis
513 3913 645 3975 aeterna
667 3902 814 3974 flamma
834 3900 1028 3999 torquebit.
1079 3900 1177 3974 Mori

134 4019 263 4092 timeat
280 4019 338 4091 cui
362 4019 432 4093 hoc
449 4044 549 4091 mora
565 4016 727 4114 longiore
744 4017 925 4091 confertur
941 4031 983 4090 ut
1000 4022 1179 4091 cruciatus

133 4135 211 4232 ejus
229 4147 266 4208 et
282 4134 438 4232 gemitus
455 4134 599 4207 interim
617 4132 808 4206 differatur.
855 4130 969 4206 Multi
987 4160 1033 4208 ex
1050 4132 1179 4206 nostris

134 4252 170 4324 in
189 4251 258 4325 hac
276 4248 494 4324 mortalitate
511 4249 725 4338 moriuntur,
740 4249 811 4322 hoc
828 4261 894 4341 est,
911 4249 1018 4322 multi
1035 4275 1080 4322 ex
1098 4277 1180 4324 nos-

649 4386 670 4428 Τ
767 4397 770 4403 .
