2678 4830
166 298 231 364 888
501 295 881 361 ANNOTATIONES

166 468 232 535 Sed
245 476 275 532 et
288 469 469 533 orationum
482 466 881 570 domos31‘1testDomiatco
894 486 967 546 seso,
979 476 1018 531 ut
1036 469 1229 567 tnssaarm

159 551 1227 742 ,aar

164 726 208 791 ud
221 727 436 824 Dominwum,
452 734 481 790 et
495 725 592 813 tepus
601 726 636 812 fi
678 724 907 874 ifflu'l'
921 746 1055 828 auespa
1104 727 1226 793 Hiero-

165 833 281 900 nymus
301 834 334 875 ιιι
357 811 533 877 Chronico:
559 813 602 875 Ia
616 811 730 876 Antioc
750 833 785 876 aa
799 812 1006 877 &manuum
1025 813 1114 911 qrsod
1131 834 1226 879 voca-

164 907 220 963 tur
232 919 367 963 sursum
383 899 536 984 edificari
549 906 694 985 coeptum.
720 899 854 963 Sanctus
867 896 1012 962 Hilarius
1025 921 1060 962 1n
1075 914 1224 966 extremo

163 983 244 1049 libro
265 983 305 1048 ad
327 984 559 1062 Constantium,
575 982 631 1070 qui
652 983 762 1071 incipit
776 985 921 1073 Benigni
978 983 1049 1063 ,ait
1063 984 1107 1049 de
1121 987 1222 1051 Arri-

163 1069 248 1144 anis;
272 1072 425 1134 Verentur
438 1072 547 1159 igitur
556 1069 673 1168 populi
680 1071 857 1156 judiciam,
871 1092 894 1135 a
992 1072 1078 1136 inico
1098 1073 1143 1135 ad
1155 1095 1222 1160 pa-

163 1155 275 1220 latium
303 1165 480 1221 transeunt.
526 1155 607 1220 v1de
630 1155 794 1242 Beveregii
819 1155 1034 1221 annotationes
1057 1156 1094 1220 in
1120 1181 1218 1224 cano

163 1263 235 1306 nem
253 1256 305 1326 15.
320 1241 442 1306 concilii
461 1241 627 1329 Ancyrani
645 1256 676 1305 et
691 1242 714 1304 J
716 1263 848 1307 oannem
869 1242 1064 1329 Stephanum
1086 1244 1220 1310 Duran-

163 1342 232 1394 tum
245 1325 300 1392 lib.
315 1329 345 1392 1.
361 1351 428 1416 cap.
445 1349 474 1393 1.
489 1328 529 1391 de
545 1327 675 1392 Ritibus
690 1326 839 1392 Ecclesia
855 1327 1035 1394 Catholicae.
1058 1330 1195 1395 Banna.

205 1415 245 1477 P.
262 1432 333 1497 294.
357 1414 378 1478 l.
398 1435 446 1479 10.
468 1411 672 1502 infelicitatis]
690 1413 795 1502 Vulgo
814 1415 1024 1500 isfidsls'tntis.
1056 1422 1079 1454 ‘⁶
1093 1418 1218 1482 Parum

163 1506 185 1539 “
200 1499 333 1578 abluit,”
346 1499 390 1565 ait
413 1499 575 1580 Baluzius,
595 1499 706 1586 “quin
728 1522 876 1587 ponerem
897 1502 934 1563 ἐπ
965 1501 1097 1566 licitatis
1119 1503 1218 1590 juxta

162 1585 363 1651 “lectionem
383 1599 524 1651 veterum
543 1586 728 1663 editionum,
744 1608 840 1672 qnam
855 1609 913 1651 non
937 1601 1040 1651 rmant
1054 1587 1170 1674 viginti
1184 1603 1218 1654 et

162 1679 184 1711 “
200 1671 266 1736 dno
289 1672 480 1760 exemplaria
504 1687 610 1737 nostra
631 1685 663 1736 et
689 1672 834 1736 undecim
856 1672 1044 1759 Anglicana.
1090 1675 1217 1739 Manu·

161 1766 183 1797 “
199 1757 262 1822 tius
277 1759 382 1846 posuit
395 1759 605 1845 infidelitatis.
635 1757 740 1821 Aliter
755 1757 896 1822 Pamelio
910 1758 1012 1823 visum
1025 1759 1104 1822 est.”
1131 1763 1216 1826 Haec

159 1843 322 1909 Baluzins.
368 1844 430 1908 Vix
449 1843 572 1922 dubito,
619 1843 675 1906 uin
697 1843 805 1908 reduci
827 1844 903 1909 huic
925 1844 995 1909 loco
1016 1843 1133 1909 debeat
1151 1870 1214 1912 vox

159 1932 369 2017 irfils'citotis,
390 1953 463 2016 quae
484 1951 557 1994 cum
579 1866 633 1992 illa
653 1931 834 1996 sterilitatis
850 1931 945 2018 jungi
968 1930 1056 1995 solet.
1092 1932 1215 1998 Sterilc

157 2026 250 2104 atque
264 2017 382 2115 isp‘slic
395 2017 496 2081 solum
513 2014 600 2079 haud
614 2037 686 2079 raro
699 2014 826 2080 dicitnr.
871 2019 966 2081 Hanc
986 2015 1084 2103 igitur
1101 2041 1214 2083 vocem

158 2125 300 2167 revocavi
321 2100 461 2189 Rigaltio
479 2101 797 2252 quoqueflprobatam,
812 2116 844 2166 et
857 2101 891 2166 in
907 2105 1006 2167 MSto
1021 2125 1124 2190 nuper
1142 2107 1213 2170 Te·

159 2203 262 2253 water.
281 2201 459 2264 extantem
484 2188 539 2254 sed
555 2211 588 2251 ιιι
639 2202 706 2253 tero
723 2210 794 2253 meo
811 2188 917 2253 codice
936 2188 1052 2276 legitur
1070 2191 1212 2276 septasa-

158 2277 243 2339 latit.

202 2359 289 2423 Ibid.
313 2359 419 2424 Vidua
432 2373 464 2424 et
481 2359 572 2447 inops
591 2359 662 2424 ino
687 2382 739 2424 ere
757 2359 929 2445 invenitur]
949 2359 1050 2423 Viduo
1064 2371 1095 2426 et
1110 2364 1213 2428 vidua

156 2448 249 2533 inops
270 2446 364 2508 rebus
386 2447 473 2510 (lives
494 2447 530 2509 ia
551 2468 644 2532 opere
698 2467 764 2534 rga
785 2447 962 2510 invenitur.
1007 2447 1060 2510 Ita
1085 2448 1212 2513 restitui

157 2531 242 2596 hunc
260 2530 365 2595 locum
385 2555 425 2596 ex
447 2532 509 2596 fide
529 2532 643 2597 codicis
662 2531 858 2618 Burgundici
873 2543 905 2596 et
921 2530 1018 2596 sancti
1033 2532 1212 2620 Arnulphi.

159 2619 319 2682 Caeterum
335 2618 416 2682 mala
431 2641 493 2681 non
508 2630 555 2682 est
573 2617 665 2683 lectio
680 2616 963 2704 Gratianopolitani
978 2629 1009 2681 et
1024 2617 1120 2682 unius
1134 2621 1211 2700 mei,

156 2703 188 2767 in
208 2704 325 2790 quibus
345 2704 494 2788 scriptum
515 2719 578 2768 est:
601 2703 702 2767 Vitiata
716 2713 746 2768 et
764 2705 858 2791 inops
871 2726 936 2768 aon
951 2703 1050 2768 videta
1064 2706 1102 2767 ia
1116 2728 1213 2792 opere

155 2791 331 2854 iuvenitur.
376 2793 477 2854 Porro
498 2814 560 2854 vox
583 2790 691 2877 largn,
713 2812 809 2874 quam
832 2789 1022 2855 Manutiana
1043 2789 1141 2856 editio
1159 2793 1212 2857 in·

156 2876 263 2952 seruit,
285 2876 429 2961 nuspiam
451 2876 607 2961 reperitur
627 2876 660 2938 in
682 2874 821 2962 antiquis
841 2875 1072 2974 exemplaribus
1094 2879 1214 2944 nostris

156 2983 258 3047 neque
272 2960 303 3022 in
321 2960 511 3046 Anglicanis.
541 2963 673 3026 Banna.
719 2962 802 3027 Ante
825 2962 994 3028 Balumum
1014 2965 1213 3050 praestabant

156 3046 231 3110 editi
251 3044 393 3133 plerique
415 3046 514 3110 vidua
531 3056 560 3110 et
580 3048 671 3132 inops
687 3047 787 3110 vidua
805 3050 951 3134 inopere
965 3050 1064 3138 larga
1077 3051 1210 3114 inveni-

156 3142 222 3198 tur.
257 3131 388 3197 Praetuli
403 3157 462 3220 ego
476 3131 590 3197 codicis
605 3131 771 3218 utriusque
785 3133 846 3197 mei
861 3133 1060 3222 scripturam,
1076 3134 1108 3197 in
1124 3137 1212 3201 voci-

155 3219 216 3283 bus
229 3219 311 3284 enim
327 3221 419 3307 impe
431 3233 462 3285 et
476 3241 569 3307 spere
579 3220 615 3283 fit
625 3219 854 3306 paronomasia,
866 3232 903 3284 ut
916 3221 1056 3287 rhetores
1070 3220 1211 3308 loquun-

157 3317 220 3369 tur.
265 3306 375 3371 Nescit
388 3330 497 3371 vocem
511 3308 608 3395 largo
623 3306 719 3371 editio
734 3306 869 3370 Erasini.

199 3393 238 3456 P.
253 3412 324 3477 294.
340 3392 361 3456 l.
375 3407 425 3475 17.
449 3393 596 3458 Christus
609 3393 689 3457 illud
703 3394 767 3456 Dei
782 3393 865 3456 (1922
880 3391 1033 3481 appellat]
1051 3394 1208 3458 Referen-

156 3478 232 3541 dum
247 3478 372 3542 videtur
385 3479 468 3543 illaad
479 3479 520 3543 ad
557 3478 795 3566 azophylacium
810 3500 905 3564 supra
916 3501 947 3563 p.
962 3497 1035 3562 293.
1049 3479 1069 3542 Ι.
1082 3480 1206 3566 penult.

199 3565 237 3627 P.
257 3564 330 3646 298.
352 3563 373 3625 l.
391 3565 441 3630 28.
465 3503 631 3651 ᾳυαέτίςα]
660 3565 822 3651 Majorum
844 3563 1085 3652 magistratuum
1107 3565 1206 3631 hono-

154 3671 203 3796 {es
224 3663 255 3712 et
276 3648 419 3734 insignia.
458 3651 605 3727 Carales,
628 3651 731 3736 inquit
754 3652 879 3730 Festus,
897 3652 968 3739 equi
984 3652 1204 3738 quadrigatas.

184 3755 259 3798 nan.

199 3823 238 3885 P.
254 3840 326 3906 299.
345 3822 367 3887 Ι.
384 3842 433 3902 14.
455 3845 492 3885 ac
512 3820 571 3885 nisi
591 3820 688 3886 editio
708 3821 838 3887 honesta
857 3823 1050 3906 successerit]
1075 3821 1125 3887 Sic
1146 3820 1203 3887 lib.

155 3906 197 3970 ad
215 3910 395 3972 Donatum:
420 3909 530 3974 Stulta
573 3931 684 3973 rossus
703 3919 733 3973 et
753 3931 838 3973 vana
848 3913 990 3998 jactura,
997 3911 1205 3994 frustrantis

155 3996 324 4096 spectaculi
347 3996 504 4082 voluptate
525 3932 699 4099 tlvparare
722 3997 866 4072 notuisse,
888 3997 972 4081 quod
991 4017 1047 4059 aec
1065 3995 1206 4083 populus

154 4081 954 4254 πᾞῗῖξὲἵ’ἕξἀὲἷείἷὲαίέἔξέιΐέξζθῇεξξιῖιξίίδυε
975 4168 1200 4255 adaequantur]

156 4252 309 4331 Numero,
325 4266 362 4316 ut
376 4276 450 4316 mox
464 4266 606 4342 apparet.
