2678 4830
462 318 855 386 TERTULLIANUS.
1138 325 1180 392 95

139 489 218 555 stasi,
229 507 353 564 quorum
364 499 394 547 ct
404 508 492 564 supra
502 510 528 549 c.
541 509 588 564 24.
599 502 630 549 et
639 510 688 565 40.
705 492 903 571 Hieronymus
914 495 1058 554 meminit.
1080 482 1125 552 Ex
1135 495 1179 552 his

138 595 172 641 ut
192 585 333 659 septimus
352 586 468 662 proprie
486 586 623 644 adversus
636 588 805 663 Apolloniam
822 590 873 666 (de
890 609 948 666 quo
963 610 989 649 c.
1002 609 1053 665 40.
1068 593 1179 651 dictum

138 681 195 752 est)
209 681 251 737 ita
260 681 370 757 priores
384 701 434 739 sex
447 682 584 740 videntur
596 684 685 742 fuisse
698 687 807 762 scripta
820 689 957 746 adversus
971 688 1106 747 Soterem
1117 689 1178 766 epi·

139 798 260 854 scopum
268 781 379 837 Romae.
397 781 509 837 Auctor
517 779 717 839 Praedestinati
725 783 827 841 heresi
842 783 888 841 26.
901 784 1021 859 Serpsit
1031 795 1124 842 contra
1135 805 1180 843 eos

141 878 361 950 (Montauistas)
377 878 475 934 librum
487 886 595 934 sanctas
608 877 691 935 Soter
698 897 774 954 papa
784 880 869 945 urbis,
881 879 1075 955 etApollorias
1084 883 1178 957 pre·

138 976 238 1031 riorum
256 976 377 1031 antistes.
414 974 515 1031 Contra
536 993 601 1049 qaos
619 974 731 1048 scripsit
749 975 931 1033 Tertullianus
944 979 1090 1054 presbyter
1109 978 1178 1035 Car·

139 1072 323 1147 tbayirriertsis.
347 1071 401 1134 Qui
411 1089 469 1126 arm
483 1071 570 1126 omnia
584 1071 647 1126 berre
660 1079 687 1126 et
694 1071 786 1144 prime
798 1080 825 1128 et
838 1073 1083 1148 incomparabiliter
1091 1077 1178 1151 scn'yt·

41 1204 50 1225 0
138 1168 216 1232 serit,
231 1168 259 1222 in
278 1168 328 1223 boc
346 1167 431 1222 solam
448 1185 477 1221 se
493 1166 727 1239 reprehensibilem
731 1168 816 1242 serit,
832 1170 903 1244 qaod
914 1170 1074 1228 Montanum
1088 1173 1179 1248 deser-

140 1265 189 1330 air,
204 1282 286 1339 ayens
298 1272 392 1320 contra
406 1262 529 1320 Soterem
541 1264 725 1336 supradictam
737 1264 813 1320 urbr's
820 1283 931 1338 papam.
972 1266 1090 1323 Novam
1110 1287 1180 1342 ope-

140 1379 204 1417 rum
217 1360 389 1416 Tertulliani
404 1359 562 1417 editionem
579 1369 646 1434 post
657 1359 742 1417 Beati
759 1360 903 1426 Rhenum,
920 1361 1031 1427 Cerdae,
1047 1363 1179 1430 Pamclii,

140 1456 260 1534 Rigaltii
278 1467 308 1513 et
327 1455 430 1512 Priorii
444 1473 528 1511 curas
541 1455 572 1512 in
587 1455 684 1512 Gallia
696 1456 783 1513 hodie
797 1466 881 1531 parat
894 1457 1090 1536 Malinganus,
1106 1459 1179 1517 Ord.

141 1553 325 1612 Benedictini
338 1553 518 1609 monachus:
541 1563 572 1609 et
590 1553 621 1608 in
635 1552 721 1610 Italia
734 1563 902 1628 exspectare
912 1554 1019 1630 jubent
1032 1554 1087 1610 viri
1101 1554 1181 1612 docti
1214 1575 1220 1585 ⁵

141 1670 177 1708 ex
195 1650 401 1708 emendatione
418 1649 508 1725 Gasp.
525 1647 654 1724 Scioppii
672 1668 740 1706 cum
758 1649 835 1706 notis
854 1649 997 1707 Guidonis
1016 1651 1181 1710 Pancirolli.

143 1748 261 1822 (Neque
282 1745 435 1810 Gallicam,
456 1762 554 1820 neque
574 1745 707 1802 Italicam
728 1745 886 1803 editionem
906 1746 1077 1805 Tertulliani
1097 1748 1145 1806 hic
1164 1768 1199 1806 a·

141 1843 273 1901 Fabricio
287 1852 538 1917 praemonstratam
552 1842 610 1899 huc
623 1844 717 1917 usque
730 1841 880 1915 vidimus.)

181 1938 190 1982 ¹
211 1939 366 1997 Contrario
383 1956 480 2003 sensu,
496 1936 571 1994 sorte
586 1948 616 1994 et
629 1939 753 2003 veriore,
768 1939 839 2016 legit
857 1939 922 1996 cod.
937 1939 1109 2006 Vaticanus,
1124 1961 1182 2018 quc

141 2045 320 2102 raaceataat,
332 2055 448 2111 pronon
462 2043 563 2092 estant.
589 2035 628 2091 Et
641 2035 748 2091 librum
763 2035 881 2109 quidem
896 2036 929 2092 de
938 2036 1043 2094 Aaron.
1060 2038 1183 2096 Vestibus

143 2135 340 2209 Hieronymus
354 2133 409 2207 Ep.
423 2131 473 2203 64.
489 2131 525 2188 ad
543 2129 692 2187 Fabiolam
707 2130 744 2187 de
759 2131 832 2187 Vest.
848 2131 963 2189 Sacerci.
978 2133 1010 2189 in
1023 2134 1092 2200 fine,
1107 2134 1181 2192 fnis-

143 2243 188 2289 tra
205 2230 341 2305 quesisse
359 2247 390 2286 se
407 2229 491 2293 dicit;
514 2227 565 2285 sed
586 2227 644 2285 alia
663 2238 732 2283 sunt
751 2228 923 2285 Tertulliani
942 2229 1102 2296 volumina,
1118 2250 1183 2306 quae

142 2328 208 2386 heic
224 2346 285 2385 non
303 2327 446 2391 nominat,
463 2337 493 2383 et
506 2336 607 2381 tamen
621 2327 684 2401 jam
702 2333 766 2379 tum
784 2322 903 2398 periisse
917 2324 966 2379 vix
983 2324 1061 2381 credi
1079 2327 1181 2402 possit.

143 2425 235 2483 Fuere
253 2424 328 2480 liber
342 2424 374 2480 de
382 2423 487 2480 Anima
500 2421 690 2503 armabaris
699 2419 752 2476 διο.
789 2419 843 2491 (Ηί
859 2418 925 2475 libri
941 2438 959 2476 a
975 2420 1107 2478 Fabricio
1121 2426 1184 2500 jam

144 2540 232 2596 supra
245 2521 466 2578 commemorati
479 2518 621 2591 fuerunt.)
654 2517 712 2573 Tot
728 2516 879 2580 librorum,
896 2535 968 2591 quos
981 2517 1066 2574 nobis
1079 2519 1185 2577 invidit

145 2617 261 2692 sequior
280 2627 359 2681 aetas,
375 2617 399 2673 si
419 2628 490 2674 tunc
511 2632 628 2692 quoque
648 2613 788 2688 temporis
808 2632 869 2670 non
890 2613 1061 2678 extitissent,
1085 2614 1185 2672 titulos

146 2714 249 2773 saltem
263 2713 461 2790 Hieronymus
474 2712 622 2770 memoriae
637 2710 881 2770 commendasset.
903 2710 1109 2771 Vstnsasrus.
