2678 4830
362 357 364 362 -
483 320 514 381 S.
534 319 851 384 HIPPOLYTUS.
1142 328 1185 388 43

144 513 193 551 reo
212 491 261 568 qui
279 490 394 549 Oanoni
412 493 542 549 Paschali
564 493 741 569 Hippolyteo
763 480 916 572 adjunctus
936 496 1051 574 legitur.
1094 498 1181 576 Frag-

143 603 243 648 menta
260 609 296 647 ex
316 589 420 647 iisdem
440 590 507 648 dcdi
526 602 548 649 t.
561 590 585 650 1.
603 592 734 667 Operum
754 592 872 669 Hippol.
888 613 917 669 p.
932 593 998 668 269.
1014 614 1075 671 seq.
1119 597 1183 669 (lti-

143 689 208 746 dem
228 688 306 764 apud
327 688 519 764 Hippolytum
538 689 739 747 Fabricianum
755 701 855 748 extant
868 691 978 748 notitiae
993 693 1181 751 Commenta-

141 788 250 844 riorum
272 791 334 865 ey'us
354 786 386 843 in
406 787 532 853 Esaiam,
551 788 714 854 Danielem,
734 788 941 864 Apocalypsin,
963 789 1179 859 Ecclesiastem,

140 885 175 942 dc
190 885 261 942 Saul
274 896 304 942 et
316 884 497 960 Pythonissa,
513 885 584 952 sive,
599 888 636 943 εἷς
648 887 694 956 τὴν
708 888 938 960 ἐγγαστρίρνθαν.)

180 980 197 1024 h
211 983 267 1041 Hic
280 983 356 1040 liber
369 982 406 1039 de
420 983 599 1041 Antichristo
613 984 727 1062 integer
741 995 833 1042 exstat
847 985 877 1041 in
890 986 985 1043 lucem
1001 988 1130 1063 prolatus
1144 989 1181 1046 ab

139 1081 246 1160 insigni
255 1081 318 1139 viro
332 1081 511 1156 Marquardo
526 1081 640 1139 Gudi0:
664 1102 749 1157 quem
764 1095 869 1158 praeter
882 1084 1018 1141 Photium
1032 1085 1096 1142 cod.
1112 1104 1179 1144 202.

139 1178 272 1256 legerunt
289 1190 392 1236 auctor
406 1180 524 1236 Catenae
538 1180 568 1236 in
582 1180 600 1236 J
602 1199 691 1238 erem.
704 1181 773 1238 xvii.
790 1199 835 1239 11.
850 1181 982 1239 Andreas
997 1183 1182 1242 Caesariensis

140 1275 176 1332 ad
188 1277 395 1353 Apocalypsin,
411 1276 527 1351 aliique,
542 1288 576 1333 ut
590 1277 626 1334 ad
639 1278 721 1334 illum
734 1278 841 1335 librum
856 1279 966 1337 notavi.

179 1370 188 1414 i
207 1377 267 1446 περὶ
284 1375 452 1432 ἀναστάσεως
470 1377 511 1430 καὶ
529 1376 687 1449 ἀφθαρσίας.
717 1377 832 1434 Mentio
853 1376 884 1433 in
904 1377 1045 1435 laterculo
1067 1380 1178 1456 Hippo-

138 1473 192 1548 lyti
212 1492 375 1531 marmoreo
397 1485 427 1530 et
448 1473 524 1550 apud
546 1474 732 1530 Anastasium
754 1474 896 1532 Sinaitam
916 1476 966 1552 qui
984 1476 1178 1555 fragmentum

140 1571 243 1628 exinde
257 1571 340 1628 affert
353 1572 386 1628 in
400 1572 524 1649 Hodego
538 1592 567 1647 p.
581 1572 650 1647 356.

178 1665 317 1727 l‘Euseh
330 1669 383 1726 Vl.
399 1687 445 1727 22.
461 1673 525 1742 πρὸς
540 1671 685 1744 Μαρκίωνα.
708 1670 891 1745 Nicephorus
906 1672 958 1730 IV.
972 1690 1020 1746 31.
1035 1673 1177 1748 ἀντιρῤιρτι-

138 1769 181 1822 κὸν
193 1769 259 1841 πρὸς
273 1769 410 1841 Μαρκίωνα
423 1768 558 1844 appellat.
594 1768 691 1825 Etiam
706 1787 724 1824 a
736 1768 919 1827 Theodoreto
933 1771 983 1828 lib.
996 1772 1020 1830 1.
1036 1772 1072 1830 de
1086 1774 1177 1831 haere-

137 1865 202 1922 ticis
215 1865 321 1925 fabulis
336 1867 514 1942 Hippolytus
527 1865 662 1923 laudatur
675 1867 812 1923 intereos
824 1868 873 1942 qui
887 1869 1070 1927 Marcionem
1084 1871 1179 1943 ἄριστα

137 1965 177 2017 καὶ
195 1967 339 2037 σοφώτατα
358 1965 554 2022 conihtarunt.
598 1963 751 2041 Syncellus
765 1985 795 2040 p.
807 1965 877 2041 358.
893 1967 934 2023 ait
952 1968 1099 2043 scripsisse
1112 1973 1178 2042 πρὸς

137 2063 274 2135 Μαρκίωνα
286 2065 327 2118 καὶ
339 2065 385 2120 τὰς
398 2065 492 2120 λοιπὰς
505 2065 625 2135 αἱρέσεις.

174 2156 348 2218 lEusebius
370 2161 515 2218 diversum
538 2179 556 2216 a
576 2161 697 2218 Canone
717 2159 848 2219 Paschali
871 2182 944 2238 opus
968 2177 1176 2223 commemorat

136 2259 289 2335 Hippolyti
309 2261 368 2334 περὶ
388 2264 435 2314 ταῦ
455 2261 561 2331 Πάσχα,
578 2259 655 2334 quod
673 2260 795 2317 Rufinus
815 2261 845 2316 in
863 2280 916 2317 sua
935 2263 1079 2328 versione,
1094 2264 1176 2321 velut

134 2357 213 2414 idem
227 2377 290 2415 esse
307 2369 397 2424 ratus,
412 2358 519 2415 omisit.
562 2356 621 2415 Sed
638 2358 746 2415 rectius
766 2358 973 2434 Hieronymus,
992 2360 1176 2435 Nicephorus

136 2467 165 2512 et
178 2455 228 2512 alii
237 2456 370 2534 juniores
383 2455 503 2513 Eusebii
516 2455 603 2512 fidem
618 2455 720 2512 secuti.
742 2455 948 2533 Fragmentum
965 2475 999 2513 ex
1012 2457 1086 2514 libro
1101 2458 1174 2535 Hip-

134 2554 227 2629 polyti
241 2555 278 2612 de
293 2556 433 2612 Paschate
446 2565 593 2611 servatum
610 2553 641 2610 in
656 2553 801 2610 Chronico
821 2553 951 2610 Paschali
965 2575 994 2630 p.
1007 2553 1036 2612 6.
1053 2567 1083 2612 et
1096 2557 1175 2615 aliud

133 2651 164 2707 in
186 2652 319 2711 Concilio
340 2652 530 2710 Lateranensi
547 2651 584 2708 A.
595 2651 629 2709 C.
645 2651 715 2724 649.
736 2651 836 2709 habito
858 2662 879 2708 t.
895 2651 948 2710 VI.
971 2652 1040 2710 edit.
1063 2654 1175 2714 Labbei

133 2766 163 2822 p.
177 2747 246 2822 287.

174 2857 198 2888 m
218 2850 291 2921 Πρὸς
313 2848 416 2905 ἁπάσας
437 2850 548 2920 αἱρέσεις
569 2848 678 2905 Euseb.
710 2845 786 2904 Vide
808 2847 944 2904 Photium
969 2848 1034 2906 cod.
1055 2867 1120 2908 121.
1143 2863 1174 2909 et

133 2944 285 3024 Hippolyti
300 2945 398 3021 Opera
411 2957 433 3005 t.
446 2947 470 3004 l.
485 2967 514 3023 p.
530 2964 596 3020 223.
613 2965 673 3021 seq.
719 2946 804 3018 (Quae
820 2945 868 3003 hic
888 2945 1001 3003 edimus
1020 2947 1173 3026 Hippolyti

135 3041 234 3100 Contra
243 3044 330 3100 Nocti
342 3044 477 3100 Heresim
486 3055 598 3119 partem
614 3062 676 3100 esse
689 3043 809 3121 hujusce
823 3044 918 3118 operis
928 3048 990 3120 jam
1004 3045 1054 3101 din
1067 3048 1173 3121 perditi

132 3140 295 3218 significant
309 3143 404 3200 Photii
417 3142 516 3207 verba,
530 3141 692 3215 Ἀνεγνὼσθιρ
705 3143 869 3214 βιβλιδάριον
880 3141 1045 3198 Ἱππολύτου.
1081 3147 1170 3216 Maon.

130 3240 176 3307 τὴς
194 3240 223 3294 δὲ
239 3241 376 3313 Εἶρηναίον
394 3243 409 3294 ὁ
424 3239 587 3295 Ἱππολῦτος.
609 3238 640 3308 ἦν
653 3240 681 3293 δὲ
697 3241 727 3293 τὸ
745 3237 879 3311 σύνταγμα
897 3239 959 3292 κατὰ
975 3240 1098 3309 αἱρέσεων
1113 3241 1168 3307 λβ.

130 3335 212 3407 ἀρχὴν
224 3336 377 3408 ποιούμενον
391 3339 572 3401 Δοσιθεανοὺς,
587 3340 628 3391 καὶ
640 3339 717 3409 μέχρι
731 3335 833 3405 Νοήτον
846 3340 887 3390 καὶ
901 3341 1047 3405 Νοητιανῶν
1060 3338 1170 3408 διαλαμ-

128 3437 279 3505 βανόμεναν.
303 3434 334 3492 S.
344 3435 523 3511 Epiphanius
538 3434 643 3492 saeculo
658 3434 785 3491 ecclesiae
801 3444 903 3508 quarto
916 3443 1029 3509 partem
1043 3434 1170 3511 aliquam

129 3531 333 3608 disputationis
348 3544 450 3590 contra
467 3533 607 3597 Noetum,
622 3532 674 3589 sed
688 3543 807 3589 auctore
820 3532 898 3589 haud
912 3532 1073 3600 nominato,
1088 3554 1170 3594 more

129 3649 182 3687 suo
197 3631 371 3707 exscripsit.)

169 3739 186 3769 n
208 3729 254 3785 lta
273 3729 431 3807 legendum
450 3749 503 3805 pro
525 3748 560 3786 eo
582 3728 659 3804 quod
679 3729 789 3786 habent
810 3729 892 3787 editt.
910 3733 975 3803 πρὸς
995 3733 1102 3801 ὁμιλιῶν
1121 3732 1170 3789 vel

126 3828 186 3899 τερὶ
200 3830 317 3898 ὁμιλιῶν.
340 3827 487 3884 Caeterum
502 3846 537 3884 ex
551 3826 664 3901 scriptis
678 3827 831 3903 Hippolyti
845 3826 972 3884 Eusebio
982 3826 1035 3885 Vl.
1048 3846 1094 3885 22.
1106 3848 1168 3886 me·

127 3925 247 3981 moratis
267 3925 303 3982 ab
324 3925 504 4002 Hieronymo
524 3925 668 3982 omittitur
682 3944 746 4000 quae
760 3926 789 3982 in
805 3925 966 3982 Ezechielis
980 3926 1076 4001 capita
1089 3945 1168 4000 quae-

127 4020 194 4078 dam
214 4022 265 4080 ille
287 4023 449 4100 scripserat,
470 4026 506 4081 εἷς
525 4025 589 4096 μέρη
609 4028 656 4078 τοῦ
676 4023 804 4094 Ἰεζεκιὴλ.
835 4024 910 4081 Vide
931 4035 953 4082 t.
970 4025 993 4082 l.
1016 4023 1168 4098 Hippolyti

127 4136 274 4198 raama
