2678 4830
124 311 188 380 19⁰
456 307 833 374 ANNOTATIONES

168 483 204 546 P.
227 483 298 547 128.
320 480 341 543 1.
357 499 409 564 32.
436 481 598 570 emissum]
622 480 673 544 Sic
694 476 765 544 libri
788 480 863 544 editi
884 494 956 544 ante
978 482 1171 569 Rigaltium,

123 569 180 656 qui
199 568 230 632 in
250 567 347 633 altera
366 589 423 630 sua
436 566 571 632 editione
584 568 753 632 demissum
767 568 880 653 posuit.
926 570 1025 633 Recte
1038 592 1171 636 revoca-

124 669 238 720 verunt
256 653 418 741 pristinam
440 653 603 718 lectionem
625 655 740 751 Lupus
754 668 787 718 et
807 654 1008 735 Thonrasius‚
1022 679 1104 742 quos
1122 681 1172 722 se-

122 759 215 807 cutus
229 764 308 805 sum.
348 742 506 804 Caeterum
521 754 608 804 extet
621 739 653 803 in
669 739 721 804 hb.
737 741 775 804 de
791 742 880 829 Virg.
897 743 1041 806 Velaodis
1052 765 1122 830 cap.
1139 765 1169 817 1,

120 826 181 893 alia
202 826 322 915 regule,
342 849 396 890 seu
416 825 562 904 formula,
581 825 654 891 fidei
670 826 846 914 symbolum
859 827 1064 915 apostolicum
1078 830 1168 916 quod

121 915 237 980 dicitur
250 914 315 978 fere
328 912 439 977 iisdem
453 911 556 977 verbis
569 912 756 1000 exprimens.

165 1003 203 1065 Ρ.
218 1019 288 1085 129.
303 1000 326 1064 1.
338 1021 370 1082 4.
393 998 491 1086 egisse
506 1001 529 1063 J
531 1022 617 1065 esum
634 999 812 1090 Christum]
824 1000 934 1064 Habet
949 999 1169 1067 Tertullianus

121 1088 153 1151 in
178 1088 347 1175 Apologia,
373 1108 442 1173 cap.
467 1106 516 1151 21.
543 1108 613 1149 cum
637 1088 803 1174 discipulis
825 1088 1012 1173 quibrcsdcm
1034 1091 1112 1174 egit,
1136 1105 1169 1153 et

121 1172 195 1238 alibi
210 1175 315 1237 Deum
329 1174 424 1237 etiam
441 1173 477 1235 in
496 1175 592 1238 terris
612 1176 727 1272 egisse.
772 1173 859 1237 Illud
880 1173 998 1237 interea
1018 1175 1055 1236 in
1076 1177 1169 1239 coeloe

121 1281 173 1325 ere
195 1269 261 1323 tum
275 1260 324 1324 bis
337 1281 465 1345 quoque
479 1258 560 1323 infra
574 1275 710 1346 positum
725 1274 772 1323 est
786 1260 817 1323 in
832 1282 900 1346 cap.
917 1279 968 1340 24.

166 1283 282 1410 111121.
300 1365 351 1412 21.
373 1345 483 1410 doctor
495 1345 597 1433 gratia
610 1344 744 1410 scientiae
758 1345 908 1444 donatus]
923 1347 1077 1410 Notatum
1093 1346 1170 1412 viris

122 1432 222 1498 doctis
246 1431 402 1520 duplicem
425 1455 463 1496 eo
483 1431 551 1497 loco
570 1456 590 1496 a
613 1431 810 1496 Tertulliano
831 1431 981 1519 distingui
1001 1433 1169 1497 doctorum

122 1519 275 1598 ordinem,
298 1541 395 1583 unum
419 1542 540 1596 eorum,
562 1518 618 1605 qui
640 1517 767 1582 scientia
788 1517 910 1582 melitus
935 1517 1067 1583 demissa
1089 1543 1169 1607 gau-

123 1604 220 1679 dent;
252 1605 385 1669 alterum
412 1627 520 1668 eorum
545 1604 602 1691 qui
624 1602 797 1669 litterarum
823 1605 970 1669 exercitio
994 1604 1079 1669 illam
1108 1606 1168 1671 sibi

123 1705 315 1779 comparant.
338 1693 520 1755 Tuouasu
536 1691 683 1755 Instititt.
703 1692 809 1755 Theoi.
826 1691 887 1755 vol.
901 1693 931 1756 1.
947 1714 978 1779 p.
991 1711 1043 1758 20.

167 1777 252 1841 Ibid.
268 1777 291 1841 l.
304 1795 354 1843 22.
377 1775 475 1863 aliqui
488 1791 603 1855 tecum,
618 1776 770 1841 curiosius
784 1791 900 1857 tamen,
915 1780 1072 1864 quaerens]
1090 1778 1170 1843 Vul-

124 1887 168 1951 go
188 1863 303 1952 legitur
327 1866 482 1944 curiosus,
505 1878 537 1926 et
560 1862 713 1950 repetitur
735 1873 834 1927 tecum
858 1880 930 1929 ante
956 1874 1080 1939 tarnem
1107 1865 1169 1930 hoc

125 1949 231 2028 modo,
253 1951 353 2037 clipea
376 1959 473 2014 tecum
494 1951 650 2027 2221222,
672 1959 771 2014 tecum
792 1960 896 2015 tamea
917 1973 1081 2038 querceae·
1113 1953 1170 2017 sed

125 2036 286 2102 lectionem
309 2057 410 2100 meam
433 2034 560 2101 exhibet
581 2035 656 2101 edit.
680 2036 835 2124 princeps,
857 2037 916 2101 nisi
937 2038 1024 2124 quod
1047 2039 1171 2126 aliquid

126 2146 188 2187 non
203 2124 304 2210 aliqui
318 2121 350 2186 in
365 2145 402 2186 ea
416 2136 512 2186 extat.

171 2209 254 2275 Ibid.
269 2208 289 2272 l.
304 2227 356 2294 23.
380 2208 555 2272 Novissime
588 2208 769 2295 Opponitur
788 2211 870 2274 viris
888 2212 1080 2288 emacitatis,
1101 2233 1169 2288 seu,

126 2295 212 2384 quod
227 2295 321 2360 habet
336 2318 431 2392 supra
442 2294 555 2359 Tertul
568 2293 658 2359 ianus
671 2319 741 2383 cap.
749 2316 780 2381 3.
796 2298 1015 2361 cecitatiseimic
1025 2298 1061 2359 iit
1076 2299 1168 2361 cccle-

125 2385 188 2461 sic,
204 2382 259 2446 ubi
280 2381 312 2446 in
331 2381 407 2447 edrt.
423 2381 561 2470 principe
580 2397 667 2446 extat
686 2384 902 2446 vetustissimi.
940 2383 1050 2447 Sedet
1069 2385 1170 2447 Prax-

126 2491 194 2534 eam
216 2468 243 2532 is
263 2468 308 2534 ita
329 2467 504 2557 compellat,
528 2468 714 2552 Noyissime,
737 2471 792 2556 qui
815 2470 937 2533 Filium
959 2471 1023 2533 Dei
1044 2492 1171 2534 caricem

125 2557 359 2642 interpretaris,
381 2556 491 2620 celibe
511 2557 567 2644 qni
586 2557 629 2620 sit
649 2556 757 2619 Filius
776 2556 922 2633 hominis,
945 2565 1004 2621 aut
1025 2559 1172 2643 nunquid

125 2644 262 2729 spiritus
286 2643 372 2706 erit?
395 2665 461 2728 cap.
485 2661 537 2725 27.
572 2643 788 2716 Novissime,
813 2644 965 2717 novitius,
990 2641 1128 2729 Anglice
1150 2667 1172 2706 2

126 2729 242 2792 msice.
283 2729 444 2793 Novitrblc
465 2728 603 2815 positum
628 2742 675 2793 est
698 2728 731 2791 in
754 2727 807 2792 lib.
830 2731 868 2792 de
886 2730 1079 2794 Paenitentia
1101 2753 1168 2818 cap.

154 2835 179 2877 1.
436 2867 439 2875 .

95 2930 100 2940 .
126 2832 147 2900 ⁵
172 2901 210 2963 P.
229 2918 300 2983 130.
324 2898 344 2963 l.
360 2919 393 2984 3.
416 2898 652 2986 quodcumque]
684 2900 826 2965 Mutavit
846 2901 879 2964 in
922 2904 1173 2989 2222222231-

126 2984 252 3072 galtius,
290 2985 365 3062 uod,
380 3008 451 3049 cum
468 2985 570 3049 minus
584 2985 781 3049 commodum
798 2987 849 3061 sit,
864 2925 1015 3075 abiegavi.

172 3008 302 3136 Ibid.]
317 3088 349 3157 5.
379 3085 426 3150 tu,
449 3072 505 3171 qui
526 3070 656 3158 perinde
676 3072 807 3162 quaeris]
833 3075 905 3138 Hoc
927 3098 999 3145 cum
1022 3076 1119 3174 Lupo
1140 3091 1173 3140 et

129 3157 301 3223 Thomasio
314 3182 373 3246 pro
388 3158 518 3247 pristrna
531 3181 606 3222 voce
614 3159 752 3245 proinde
767 3159 884 3247 scripsi.
923 3161 986 3225 Sed
1000 3163 1103 3227 omisit
1117 3166 1173 3251 qrci

128 3247 193 3311 sine
207 3268 300 3310 causa
314 3247 440 3334 Lupus.

175 3332 261 3397 Ibid.
275 3331 297 3396 l.
312 3352 363 3398 21.
385 3330 510 3419 qualem
528 3330 623 3395 fidem
641 3329 816 3421 disputant]
836 3335 881 3397 H.
894 3358 922 3398 e.
938 3334 1063 3421 qualem
1078 3335 1172 3399 fidem

127 3418 251 3483 fallaces
276 3418 459 3484 defendunt.
498 3419 609 3482 Habes
629 3432 738 3504 postea
759 3418 792 3483 in
814 3443 885 3508 cap.
902 3441 954 3502 40.
978 3423 1082 3485 Aliter
1103 3444 1173 3486 eum

130 3505 340 3587 (Creatorem)
356 3506 527 3581 1122122221,
545 3526 640 3591 pacm
653 3506 690 3568 irc
705 3526 778 3569 nero
792 3516 848 3570 est.
1227 3524 1231 3530 ·

172 3593 212 3655 Ρ.
230 3611 303 3676 131.
324 3590 346 3654 1.
362 3594 394 3655 6.
418 3590 508 3655 aliter
530 3590 677 3654 ineundae
700 3592 944 3683 constitutionis]
973 3596 1034 3657 Est
1061 3593 1174 3657 consti-

128 3677 210 3742 tutio
224 3676 325 3764 prima
339 3699 502 3741 causarum
517 3675 682 3755 conflictio,
697 3701 770 3763 quae
784 3693 884 3744 status
898 3679 1085 3766 appellatur.
1122 3679 1173 3744 Ad

130 3766 252 3828 Heren.
278 3762 333 3828 lib.
350 3764 378 3827 Ι.
398 3765 480 3827 Hoec
501 3766 642 3827 enoratio
666 3765 702 3826 in
728 3767 930 3851 conjecturali
954 3767 1174 3830 corretitictione

130 3851 348 3936 ccccsoefirme
362 3871 483 3937 semper
496 3852 674 3914 accessorio
689 3860 745 3914 cst.
769 3851 880 3916 Cicero
893 3851 933 3915 de
950 3853 1075 3915 Invent.
1093 3853 1174 3917 Con-

130 3938 308 4006 stitutiones
321 3937 410 4025 opud
423 3936 560 4000 rhetores
574 3945 650 4000 sunt
663 3946 810 4023 quotuor,
820 3938 1050 4024 conjecturalis,
1066 3940 1174 4026 defini

130 4027 209 4102 1122,
232 4025 409 4112 generalis,
435 4023 638 4102 translativa,
664 4045 735 4110 quae
757 4033 860 4088 statas
889 4025 984 4087 etiam
1010 4026 1173 4091 dicuntur.

131 4112 363 4176 Dnnacnsnn.

133 4283 155 4346 S
175 4195 259 4261 Ibid.
276 4196 298 4262 l.
315 4213 347 4280 7.
370 4194 565 4285 induxerim]
584 4195 625 4267 Id
642 4211 700 4274 est,
716 4194 814 4259 videri
836 4196 993 4283 potuerim
1015 4191 1173 4262 inducere.

157 4303 289 4348 11111111.
1160 4326 1163 4340 .

176 4368 261 4434 Ibid.
277 4367 299 4432 l.
315 4380 365 4434 10.
386 4381 459 4456 post
472 4390 566 4436 unam
582 4367 820 4458 correptionem]
835 4369 910 4434 Vid.
925 4383 991 4434 not.
1007 4370 1048 4434 ad
1063 4394 1091 4436 c.
1103 4373 1132 4435 6.
1203 4419 1205 4423 -
