2678 4830
184 282 250 348 352
406 277 547 345 FIDES
570 278 754 343 NICAENI
778 279 1008 345 CONCILII.

185 452 274 517 nium
284 450 454 517 visibilium
464 472 586 516 necnon
596 462 629 515 et
638 447 841 514 invisibilium
851 449 1014 516 factorem:
1032 453 1078 517 Et
1089 451 1121 515 in
1133 475 1234 518 unum

185 554 361 621 Dominum
374 566 518 619 nostrum
528 555 552 618 J
553 575 642 618 esum
653 552 827 631 Christum,
843 553 963 618 Filium
978 554 1052 633 Dei,
1068 568 1177 619 natum
1194 581 1234 621 ex

185 659 293 738 Patre,
308 655 517 744 unigenitum,
531 654 593 720 boc
609 668 666 735 est,
684 678 724 720 ex
742 655 915 720 substantia
934 656 1050 736 Patris,
1066 658 1173 721 Deum
1193 681 1234 721 ex
1325 645 1328 649 ⁴

185 761 268 839 Deo,
282 758 390 825 lumen
409 782 449 825 ex
469 758 599 838 lumine,
616 759 724 823 Deum
742 781 854 824 verum
872 783 912 824 ex
931 760 1004 824 Deo
1021 783 1107 840 vero,
1122 774 1233 825 natum

183 886 247 928 non
261 874 413 942 creatum,
424 861 642 942 homoousion,
653 861 714 927 hoc
727 875 785 941 est,
796 861 938 950 ejusdem
953 863 1146 929 substantiae.
1170 867 1258 939 Peos

183 988 280 1054 quem
301 964 407 1030 omnia
427 964 511 1030 facta
532 977 616 1044 sunt,
632 963 769 1030 coelestia
786 978 818 1030 et
839 978 971 1032 terrena.
1017 968 1081 1045 Qui
1103 982 1233 1056 propter

184 1091 241 1133 nos
260 1067 414 1149 homines,
428 1081 461 1134 et
476 1079 607 1156 propter
624 1068 756 1133 salutem
776 1082 925 1149 nostram,
945 1069 1116 1149 descendit,
1132 1087 1164 1136 et
1182 1072 1230 1136 in-

183 1185 329 1238 carnatus
343 1183 409 1246 est;
426 1184 458 1236 et
475 1170 571 1235 homo
588 1169 691 1235 factus
706 1193 817 1258 passus
833 1183 891 1251 est,
908 1185 941 1237 et
954 1173 1125 1237 resurrexit
1139 1175 1232 1238 tertio
1318 1251 1320 1255 .

183 1274 244 1340 die.
290 1272 447 1339 Ascendit
466 1272 499 1337 in
521 1271 647 1352 ooelum,
665 1285 816 1338 venturus
836 1273 910 1339 inde
927 1275 1071 1363 judicare
1093 1276 1181 1341 vivos
1200 1291 1232 1342 et

181 1390 333 1443 mortuos.
364 1378 411 1442 Et
423 1376 457 1440 in
472 1375 625 1463 Spiritum
641 1377 801 1442 Sanctum.
833 1379 900 1442 Eos
913 1392 1019 1443 autem
1033 1379 1089 1465 qui
1104 1380 1228 1456 dicunt;
1244 1403 1281 1441 ιο

181 1483 264 1547 Erat
288 1493 414 1567 tempus
439 1478 568 1566 quando
590 1502 655 1544 non
676 1493 753 1559 erat,
776 1492 809 1543 et
830 1479 1014 1567 priusquam
1040 1496 1229 1563 nasceretur,

181 1606 246 1648 non
260 1596 338 1663 erat,
353 1595 386 1648 et
398 1582 475 1669 quia
487 1606 528 1648 ex
542 1581 637 1647 nullis
655 1582 896 1648 subsistentibus
914 1584 1017 1648 sactus
1034 1597 1099 1660 est;
1115 1600 1171 1651 aut
1190 1611 1231 1652 ex

181 1685 243 1751 alia
262 1684 448 1764 substantia,
471 1683 522 1749 vel
546 1684 689 1765 essentia,
712 1685 823 1750 dicunt
844 1709 910 1751 esse
931 1698 1067 1774 trepton,
1089 1688 1150 1753 hoo
1171 1703 1229 1769 est,

180 1786 425 1866 oonvertibilem‚
437 1800 493 1851 aut
503 1786 686 1852 mutabilem
701 1788 819 1853 Filium
835 1790 909 1870 Dei,
922 1791 979 1855 hos
989 1792 1232 1858 anathematizat

181 1891 333 1958 catholica
347 1903 379 1956 et
391 1888 561 1978 apostolica
574 1889 712 1955 ecclesia.
1244 1917 1278 1976 15
