2768 4844
129 341 194 403 220
481 333 816 400 FIRMILIANUS.

128 537 149 582 a
171 508 283 581 Paulo
306 505 437 579 invecti
462 505 656 578 novitatem
676 505 822 602 quidem
843 501 1038 592 damnavit,
1056 502 1179 575 homi-

127 650 212 697 nem
231 649 313 695 vero
338 622 457 720 ipsum
483 621 697 694 sententiam
722 649 759 695 se
781 632 1003 693 mutaturum
1023 619 1179 717 promit-

127 752 264 813 tentem
296 736 466 810 damnare
493 735 645 825 distulit,
673 739 718 811 ab
750 737 898 811 homine
927 735 1059 807 nullius
1088 734 1175 806 fidei

128 856 311 953 deceptus,
332 878 550 952 speransque
576 851 652 925 sine
679 853 754 925 ullo
779 851 960 949 religionis
986 849 1178 950 dispendio

129 999 206 1045 rem
223 971 361 1070 optime
379 997 484 1069 posse
501 966 683 1042 constitui.
736 967 875 1067 Synodi
902 967 1004 1040 istius
1023 966 1179 1066 epistola

130 1085 302 1186 synodica
326 1113 346 1158 a
368 1084 545 1158 Turriano
568 1082 725 1156 tenebris
748 1097 850 1156 eruta
874 1096 991 1156 exstat
1009 1084 1073 1156 Gr.
1091 1083 1177 1155 Lat.

131 1201 270 1276 Concil.
285 1214 374 1273 tom.
386 1201 416 1273 Ι.
429 1201 601 1274 Auctuar.
618 1198 837 1272 Bibliothec.
858 1200 926 1271 ΡΡ.
944 1198 1051 1270 Paris.
1068 1197 1178 1270 1624.

130 1332 220 1392 tom.
237 1318 268 1389 Ι.
292 1343 373 1416 pag.
391 1329 477 1389 302.
513 1314 639 1407 (Edita
665 1313 761 1413 apud
784 1313 986 1387 Concilium
1004 1314 1178 1387 Antioch.

131 1445 259 1510 contro
275 1432 440 1507 Paulum
459 1432 738 1506 Somosutenum
758 1431 794 1502 in
813 1431 883 1503 vol.
898 1431 949 1503 11.
968 1429 1179 1529 Reliquias.

133 1552 253 1646 Scor.)
300 1550 394 1622 Cum
414 1574 497 1621 vero
514 1575 610 1621 anno
629 1559 702 1638 270
720 1548 764 1621 ad
784 1548 976 1621 secundam
996 1544 1179 1648 synodum

132 1664 401 1740 Antiochenam
429 1663 595 1736 adversus
621 1664 778 1737 eundem
807 1664 959 1738 Paulum
989 1664 1180 1737 collectam

133 1770 201 1854 iter
223 1779 366 1867 faceret,
392 1779 524 1876 etjam
550 1781 703 1853 Tarsum
730 1807 844 1878 usque
870 1792 1100 1880 pervenerat3
1127 1780 1180 1853 ibi

134 1891 346 1992 grandaevus
364 1891 535 1965 decessit:
563 1891 616 1964 uti
640 1896 768 1995 synodi
786 1895 888 1969 istius
906 1897 1027 1969 Patres
1045 1896 1080 1968 in
1100 1895 1183 1969 lite-

134 2008 182 2082 ris
200 2007 274 2080 suis
292 2007 485 2106 encyclicis
501 2021 679 2084 testantur
686 2011 713 2084 b.
756 2011 871 2084 Extat
887 2010 981 2084 inter
996 2010 1183 2110 Epistolas

135 2124 368 2223 Cyprianicas
386 2124 618 2200 ⁰Firmiliani
638 2129 689 2201 nd
713 2128 940 2227 Cyprianum
961 2126 1144 2225 Epistola,
1162 2155 1185 2200 a

136 2241 331 2341 Cypriane,
345 2240 448 2337 cujus
466 2243 601 2342 stylum
620 2244 728 2343 plane
746 2246 851 2346 sapit,
869 2246 1011 2333 Latine,
1027 2260 1066 2320 ut
1084 2246 1186 2319 vide-

136 2373 208 2450 tur,
225 2385 346 2443 versa;
373 2384 445 2454 qua
469 2361 682 2434 confirmata
707 2361 880 2460 Cypriani
908 2362 952 2435 de
978 2362 1186 2436 Haeretico-

137 2502 218 2550 rum
241 2476 433 2576 Baptismo
456 2476 645 2567 sententia,
662 2478 889 2577 Stephanum
913 2506 1044 2578 papam
1063 2478 1111 2550 ob
1129 2478 1187 2551 in-

138 2591 416 2680 humanitatem,
433 2591 632 2683 audaciam,
650 2594 892 2683 insolentiam,
910 2594 1049 2691 aliaque
1070 2595 1115 2667 ab
1140 2623 1186 2668 eo

138 2708 304 2808 improbe
321 2722 421 2806 gesta
438 2709 564 2782 acerbe
580 2709 796 2808 perstringit.
845 2708 1042 2783 Firmiliani
1061 2711 1187 2800 libros,

138 2852 229 2924 quos
254 2840 337 2925 post
363 2853 401 2899 se
425 2825 582 2923 reliquit,
601 2827 689 2899 citat
713 2824 870 2898 Basilius
895 2825 941 2898 de
966 2826 1122 2925 Spriritu
1147 2828 1186 2901 S.

140 2964 218 3036 cap.
231 2939 331 3012 xxix.
349 2966 384 3038 p.
397 2938 482 3012 360.
502 2954 592 3037 quot
607 2967 703 3030 vero,
716 2943 771 3015 vel
790 2942 939 3040 quinam
957 2943 1093 3017 fuerint
1109 2972 1185 3018 non

140 3053 238 3128 dicit.

180 3207 267 3288 bAp.
283 3211 390 3270 Euseb.
406 3212 455 3270 lib.
467 3213 536 3273 VII.
552 3233 616 3292 cap.
628 3233 678 3290 30.

181 3308 295 3367 ⁰Conf.
318 3309 402 3369 Fabr.
428 3311 503 3369 Bibl.
526 3312 604 3371 med.
630 3325 660 3372 et
680 3315 772 3373 infim.
794 3315 916 3374 Latinit.
937 3314 989 3374 lib.
1005 3315 1057 3373 VI.
1077 3316 1137 3374 vol.
1153 3319 1186 3376 ii.

140 3424 251 3485 Ps499·
