2678 4830
228 331 280 395 IN
296 329 538 394 TERTULL.
554 327 619 396 DE
636 327 931 394 PRAESCRIPT.
948 329 1074 394 HAER.
1122 332 1186 399 187

185 504 222 566 Ρ.
238 520 309 587 123.
324 500 345 564 l.
361 523 410 565 11.
435 499 556 565 trinitas
575 499 724 584 hominis]
743 501 789 564 Ut
804 500 861 564 has
874 523 975 598 nugas
988 499 1185 588 interpretari

141 588 310 665 valeamus,
337 586 433 652 mittit
461 610 518 651 nos
549 584 706 650 Semlerus
728 587 769 650 ad
796 585 985 651 Tertulliani
1009 587 1125 652 librum
1147 590 1186 653 de

140 677 261 739 Anima
279 697 346 760 cap.
360 692 398 747 ας
429 673 471 737 ad
500 673 613 737 Irenaei
639 688 742 737 autem
767 672 821 738 lib.
838 674 865 737 1.
889 674 1011 739 Contra
1032 676 1186 741 Haereses

141 760 305 829 cardinalis
320 759 521 825 Thomasius.
557 768 580 799 ‘⁶
591 761 674 824 Haec
689 759 830 824 Trinitas
847 775 931 840 sunt,
951 761 1045 826 homo
1064 761 1187 849 hylicus

144 859 165 888 ‘⁶
182 871 236 911 seu
251 846 388 924 choicus,
403 846 435 910 id
450 859 508 923 est,
524 845 691 910 materialis
705 858 761 910 aut
776 861 934 919 terrenum
974 847 1116 935 sychicus
1131 871 1187 914 sen

139 944 165 993 ,⁶⁶
180 933 332 1010 animalis,
346 947 379 996 et
398 931 571 1019 spiritalis.”
605 932 781 997 Annotatio
795 946 841 997 est
859 933 899 996 ad
960 932 994 997 it.
1011 933 1186 1000 Romanam

142 1045 182 1086 ex
198 1019 368 1085 Christiani
383 1019 471 1105 Lupi
488 1017 618 1083 Scholiis
631 1019 808 1106 desumpta.

187 1105 377 1172 Ibid.l.12.
401 1104 587 1182 Platonicus
606 1105 734 1189 fuerat]
761 1104 885 1170 Theod.
910 1107 1066 1171 Canterus
1087 1109 1111 1170 J
1114 1107 1188 1172 unio

142 1193 379 1258 confirmaverat
395 1191 427 1255 in
443 1191 630 1278 quibusdam
654 1192 821 1277 (quodam)
838 1193 942 1257 MSC.
957 1191 1031 1279 legi,
1046 1194 1189 1258 Pletoni-

142 1302 198 1344 cus
206 1280 325 1366 fleror,
345 1278 427 1342 forte
445 1277 576 1353 melius;
597 1287 650 1343 tra
715 1278 814 1343 illitos
831 1278 1011 1364 opponitur.
1031 1281 1187 1344 Sauara.
1235 1310 1237 1314 ·

143 1370 192 1431 At
205 1388 279 1429 vero
294 1364 400 1430 scribit
412 1378 522 1428 auctor
535 1364 636 1441 infra:
649 1301 720 1430 'gii
734 1375 809 1428 tunc
822 1365 1003 1429 Valentinus
1015 1367 1189 1431 Platonica

142 1451 305 1518 sectator?
338 1450 422 1517 Ibid.
434 1450 455 1514 l.
472 1452 521 1514 18.
537 1451 627 1515 Deus
640 1453 757 1538 Quem
771 1450 878 1539 Apelli
894 1451 1044 1516 tribuitur
1057 1475 1124 1540 cap.
1135 1473 1187 1538 33.

188 1537 274 1603 Ibid.
290 1539 309 1601 l.
324 1557 374 1623 23.
397 1538 578 1620 ectromate]
598 1537 718 1601 Hieron
742 1560 814 1601 mus
835 1538 867 1601 in
885 1540 987 1602 Amos
1004 1539 1189 1626 prophetam

143 1625 247 1713 primo
271 1623 493 1689 commentario
516 1623 643 1697 scribit;
670 1561 869 1688 Valentinum
893 1647 933 1689 ex
950 1623 1106 1690 AEonibus
1126 1625 1190 1690 suis

143 1727 331 1789 extremum,
345 1711 404 1775 hoc
414 1727 473 1788 est,
482 1709 686 1796 trigesimum,
697 1710 860 1775 Christum
869 1733 990 1788 vocare,
1002 1726 1034 1776 et
1046 1713 1190 1794 ἔκτρωμα,

145 1799 205 1863 hoc
217 1811 274 1877 est,
289 1797 480 1863 abortivum.
507 1798 650 1862 Bassos
667 1799 865 1863 Bacuntius
880 1821 900 1862 a
915 1797 1054 1862 Semlero
1068 1798 1189 1863 allatus.

189 1884 275 1949 Ibid.
291 1884 313 1948 l.
325 1904 375 1965 24
394 1882 543 1970 Sequitur
559 1882 774 1968 Aristotelem]
789 1885 841 1948 Ita
854 1884 931 1949 edit.
967 1883 1088 1971 rinceps
1104 1885 1192 1949 Rhe-

146 1971 289 2049 naniana,
304 1971 401 2034 verbu
410 1970 549 2056 jungens
562 1992 633 2034 cum
650 1969 814 2057 prioribus.
863 1972 904 2034 In
920 1907 1031 2035 uliima
1045 1971 1118 2035 edit.
1135 1995 1192 2037 sua

146 2059 321 2122 Rhenanus
334 2055 523 2133 emendavit,
539 2059 688 2121 msertmt
700 2057 908 2136 Aristotelem,
923 2056 1145 2144 Pameliusque
1159 2082 1192 2123 se

146 2145 189 2209 sic
208 2144 312 2232 legere
331 2167 371 2208 ex
389 2142 495 2207 codice
510 2142 660 2208 Vaticano
680 2156 811 2208 testatus
831 2159 890 2207 est.
934 2144 1051 2210 lunius
1066 2168 1139 2208 vero
1158 2144 1191 2208 in

147 2231 228 2295 notis
249 2230 290 2295 ad
312 2228 386 2294 edit.
409 2227 545 2293 Franek.
564 2228 596 2292 in
614 2251 679 2315 qua
699 2229 839 2315 quidem,
855 2229 938 2294 sicut
956 2229 988 2293 in
1009 2229 1192 2295 Delacerdae

147 2317 292 2394 editione,
308 2317 376 2380 haec
388 2315 480 2380 lectio
496 2327 595 2391 extat,
611 2315 669 2379 hoc
683 2331 790 2380 monet
805 2324 826 2356 “
840 2316 977 2400 (Prima)
994 2316 1089 2380 editio
1103 2316 1192 2380 Rhe·

148 2414 171 2444 “
186 2403 270 2484 nani,
285 2405 429 2491 sequitur
441 2402 650 2478 Aristotelem,
665 2401 717 2465 alii
735 2405 884 2467 miserum
896 2404 1103 2480 Aristotelem,
1119 2405 1191 2467 ‹ivo-

150 2499 171 2531 “
187 2497 340 2571 βοητικῶς.
365 2488 453 2553 Nihil
468 2489 586 2553 mutoff'
610 2490 636 2552 V
637 2511 724 2552 erum
741 2503 844 2553 tamen
858 2488 943 2553 istud
957 2491 1108 2552 miserum
1117 2490 1194 2553 Ari-

148 2578 296 2653 stotelem‚
312 2575 397 2674 quod
418 2575 545 2639 exhibet
564 2573 637 2638 edit.
661 2575 760 2639 Paris¹
776 2598 858 2640 anno
875 2577 955 2661 1566
972 2598 1097 2654 excusa,
1112 2599 1195 2639 rece-

148 2664 196 2749 pit
210 2662 378 2750 Rigaltrus.
424 2664 498 2748 Ego
512 2661 640 2737 interea,
656 2661 732 2748 quia
747 2660 833 2725 nulla
847 2661 958 2725 harum
974 2661 1123 2727 satisfacit
1136 2661 1196 2727 leo-

150 2749 282 2828 tionum,
299 2749 496 2813 scribendum
513 2763 591 2848 puto
605 2750 761 2835 Sequitur
774 2747 970 2813 Aristoteles.

194 2836 280 2900 Ibid.
295 2834 317 2899 l.
331 2838 383 2902 26.
405 2835 438 2899 in
454 2833 641 2920 conjecturis
655 2835 781 2920 duram]
802 2837 856 2899 An
871 2834 930 2899 hoc
945 2834 1148 2922 significatur,
1163 2834 1195 2898 in
1275 2858 1276 2861 ¹

151 2921 305 3009 probabili
320 2921 588 3008 argumentatione
602 2921 751 2986 nodosam
766 2945 802 2986 ac
816 2920 996 2986 difficilem?

196 3011 234 3072 P.
255 3027 324 3089 124
347 3008 369 3071 l.
386 3029 434 3092 19.
459 3008 499 3071 ad
521 3007 691 3072 ineundam
712 3007 1005 3073 curiositatem-ad
1027 3007 1197 3095 importan-

152 3095 225 3159 dam
239 3095 475 3183 curiositatem]
494 3095 603 3160 Habet
622 3110 732 3159 auctor
750 3095 832 3159 infra
849 3095 883 3158 in
898 3118 966 3182 cap.
983 3114 1034 3160 Ia.
1050 3097 1197 3182 quaestio-

152 3204 207 3246 ues
222 3183 317 3245 inire.
350 3185 403 3246 Ac
421 3181 519 3246 simile
536 3196 583 3245 est
602 3180 680 3245 illud
699 3203 987 3268 supra-quorum
1005 3191 1198 3268 operosum

152 3269 305 3332 adultere
318 3268 480 3347 doctrino,
491 3269 622 3333 baereses
633 3269 724 3332 dicto
738 3269 850 3331 Graeco
864 3288 944 3343 voce,
957 3289 997 3330 ec
1005 3268 1197 3354 interpreta-

152 3356 235 3420 tione
249 3354 417 3433 electionis,
432 3377 495 3441 quc
515 3357 586 3441 quis
605 3356 673 3418 sive
689 3355 733 3416 ud
751 3354 974 3432 instituendas,
989 3355 1056 3417 sive
1070 3355 1114 3417 od
1127 3376 1196 3417 sus-

152 3441 310 3528 cipiendas
331 3463 396 3520 eos,
417 3443 532 3505 utitur.
555 3463 586 3528 p.
606 3459 677 3506 122.
694 3439 712 3502 l.
726 3458 776 3504 20.
813 3441 914 3515 Porro
935 3438 1000 3505 sine
1021 3462 1115 3504 causa
1135 3440 1199 3504 for-

152 3542 233 3593 tasse
258 3528 392 3593 mutavit
416 3526 617 3614 posteriorem
639 3549 745 3590 vocem
768 3527 981 3592 curiositatem
1003 3527 1040 3590 iu
1066 3538 1199 3614 scrupu-

152 3616 306 3678 lositatem
321 3613 488 3700 Rigaltius
513 3615 631 3678 Contra
645 3627 774 3678 notante
784 3613 827 3677 ad
841 3612 917 3678 edit.
929 3611 1099 3677 Halensem
1114 3615 1200 3678 Sern-

154 3700 231 3776 lero,
243 3701 342 3765 videri
356 3723 468 3764 nornen
480 3723 597 3764 novum
612 3700 759 3778 abfuisse,
770 3701 983 3764 curiositatem
994 3699 1147 3765 revocavi.

200 3786 283 3850 Ibid.
298 3787 319 3850 l.
331 3808 386 3873 31.
409 3788 550 3865 Habeat,
566 3786 680 3874 inquit,
696 3789 834 3873 Moyseo
848 3796 878 3851 et
892 3787 1040 3875 Heliam]
1057 3787 1123 3851 Hic
1136 3809 1200 3849 me-

155 3873 254 3936 moria
267 3873 377 3938 fefellit
391 3888 560 3938 auctorem.
585 3876 740 3938 Sauras.
765 3874 896 3938 Habent
916 3875 1052 3960 Moyseo
1074 3881 1105 3937 et
1126 3895 1198 3960 pron

155 3958 278 4044 phetas<
293 3963 331 4027 S.
343 3964 453 4025 Lucus
466 3959 529 4023 xvi.
544 3979 593 4045 29.

200 4047 240 4109 P.
256 4064 294 4111 12
295 4063 328 4132 5.
344 4047 366 4112 l.
379 4069 411 4130 9.
433 4046 583 4133 pulsabit]
604 4045 745 4112 Mutavit
768 4044 927 4132 Rigaltius
945 4044 978 4109 in
995 4045 1152 4131 palliavit,
1168 4058 1200 4109 et

157 4153 254 4220 supra
277 4133 319 4197 ad
339 4133 360 4198 l.
376 4154 408 4219 3.
431 4157 490 4221 pro
513 4135 575 4197 erit
596 4131 718 4196 mavult
741 4141 812 4196 erat
830 4131 956 4198 lunius.
1001 4131 1065 4196 Sed
1089 4129 1198 4194 Chris·

158 4216 276 4281 tianum
298 4221 428 4305 Lupum
449 4235 575 4285 secutus
588 4233 725 4283 veterem
738 4217 901 4283 lectionem
922 4217 1073 4282 revocavi.
1118 4217 1201 4282 Mox

157 4312 193 4369 ot
205 4327 263 4391 pro
276 4327 320 4368 um
334 4329 405 4371 curu
420 4306 589 4372 verborum
604 4328 696 4371 sensu
709 4305 789 4371 bene
802 4304 990 4370 conveniret.
