2678 4830
226 349 278 412 IN
295 347 539 412 TERTULL.
557 347 621 411 DE
639 346 932 411 PRAESCRIPT.
948 347 1075 412 HAER.
1120 351 1184 413 203

140 521 272 584 fidenter
294 518 437 582 dicerem.
475 520 570 583 Cons.
582 518 836 582 Dissertationem
854 518 922 605 ejus
932 521 985 582 De
1004 519 1187 582 Tertulliani

147 607 218 669 Vita
231 616 260 668 et
276 605 413 687 Scriptis,
428 626 497 690 cap.
509 604 562 667 vii.

185 694 222 756 P.
238 706 308 775 151.
326 689 347 755 l.
361 710 408 771 17.
425 689 661 754 sacrificantium
677 689 859 775 ministeria]
875 691 958 753 Cum
974 689 1040 775 ipse
1053 689 1115 754 aiat
1130 689 1188 753 Ri-

140 777 266 864 galtius,
289 800 321 839 se
346 774 438 839 malle
464 775 549 862 quod
571 791 617 840 est
640 775 673 838 in
695 775 775 839 libro
798 775 916 854 Ursini,
939 777 1187 860 sumfficantium,

141 887 200 950 pro
219 862 303 926 edita
321 861 452 925 lectione
469 862 662 947 sauaflcolia,
679 877 747 924 tum
763 884 837 925 vero
851 861 926 947 quia
940 885 1002 925 vox
1016 863 1189 947 saerfloua-

143 951 187 1013 tiu
200 949 232 1012 in
248 948 321 1012 edit.
338 947 478 1034 principe
493 946 627 1034 legatur,
641 947 755 1011 idcirco
769 948 1004 1032 socnflcantium
1017 947 1049 1010 in
1066 963 1188 1012 textum

142 1034 255 1121 recepi.

186 1119 271 1185 Ibid.
284 1119 303 1182 l.
316 1120 366 1184 26.
383 1132 644 1182 sacramentorum
658 1116 921 1202 Christianorum]
937 1120 1009 1182 Hoc
1020 1118 1137 1204 protuli
1149 1143 1188 1183 ex

141 1206 217 1270 edit.
234 1205 332 1269 Paris.
348 1227 406 1289 pro
425 1203 556 1266 lectione
578 1202 731 1266 usitatiori
753 1215 935 1282 sanctorum,
954 1228 1026 1290 quae
1049 1217 1134 1269 extat
1156 1205 1188 1268 in

140 1293 216 1356 edit.
231 1289 359 1373 quidem
375 1289 533 1375 principe3
559 1289 613 1352 sed
632 1289 663 1352 in
685 1290 776 1353 tertia
798 1290 940 1353 Rhenani
955 1290 1091 1354 editione
1105 1291 1188 1376 posi-

143 1392 211 1441 tum
224 1390 270 1440 est
281 1376 321 1438 ad
333 1397 431 1462 marg.
444 1375 523 1460 ejus,
540 1383 562 1413 “
573 1377 670 1438 Forte
680 1396 833 1439 sudorum
844 1376 893 1439 vel
907 1378 1191 1440 sncrnnwntorum.”

144 1465 184 1527 ln
201 1462 312 1526 ultima
326 1484 400 1524 vero
418 1461 553 1525 editione
572 1483 628 1524 sua
646 1460 729 1524 idern
748 1462 922 1526 Rhenanus
940 1462 980 1524 ad
1000 1485 1090 1525 voces
1103 1483 1191 1525 sanc-

145 1559 242 1612 torum
261 1549 498 1611 Christianorum
519 1547 579 1610 hoc
601 1546 772 1623 adnotavit,
796 1557 818 1586 ‘⁶
831 1547 911 1611 sicut
932 1547 1064 1611 dicimus
1086 1564 1191 1612 sancta

145 1643 166 1674 ‘⁶
182 1634 388 1698 sanctorum.”
433 1634 533 1696 Porro
552 1631 592 1695 de
610 1631 685 1696 edit.
701 1633 802 1696 Paris.
819 1633 973 1719 scriptura
986 1646 1190 1698 annumeretu-

143 1742 220 1797 rum,
236 1742 331 1806 quam
346 1717 467 1804 primus
481 1718 649 1781 induxerat
666 1718 826 1794 Gelenius,
842 1718 884 1783 sic
900 1720 1077 1794 Pamelius;
1095 1729 1117 1759 “
1129 1723 1190 1784 Le-

144 1814 166 1845 “
181 1806 285 1893 gimus
307 1829 346 1868 ex
369 1806 442 1868 MS.
458 1825 489 1889 3.
509 1804 658 1869 Vaticano
680 1827 752 1868 cum
776 1805 931 1869 Rhenano
952 1805 984 1868 in
1030 1806 1109 1868 rima
1128 1805 1192 1870 edi-

144 1899 166 1930 “
182 1890 265 1954 tione
281 1905 312 1954 et
326 1890 595 1954 Adnotationibus
614 1900 796 1967 sanctorum,
812 1915 870 1978 pro
885 1829 1030 1977 eoquod
1040 1890 1191 1956 Gelenius

145 1976 344 2041 “substituit
363 1977 649 2040 sacramentorum.w
685 1978 767 2040 Haec
790 1977 959 2056 Pamelius,
976 1992 1072 2063 atque
1093 1976 1137 2041 ita
1158 1978 1192 2040 in

144 2064 233 2127 editt.
251 2062 386 2126 Franek.
403 2078 498 2148 atque
514 2061 695 2148 Rigaltiana
713 2063 882 2149 appellatio
901 2073 1073 2127 sanctorum
1092 2077 1189 2127 extat.

145 2149 308 2213 Illustrare
330 2171 458 2234 quoque
503 2149 584 2233 ergit
604 2149 716 2234 Lupus
739 2149 834 2228 bunc,
855 2165 891 2212 ut
913 2148 966 2226 ait,
989 2148 1192 2234 antiquorum

146 2235 395 2299 Christianorum
417 2171 543 2297 titulirm
560 2233 662 2296 verbis
682 2234 824 2297 Paulinis
842 2234 884 2297 ad
903 2233 1070 2321 Ephesios
1087 2237 1190 2297 Omni-

145 2324 199 2386 bus
213 2322 337 2398 sanctu,
353 2320 488 2404 quisunt
503 2320 629 2400 Ephesi,
644 2321 827 2403 ctfldelihus
840 2322 872 2382 in
889 2321 1006 2384 Christo
1017 2319 1103 2383 Jesu.
1128 2321 1192 2383 His

144 2430 207 2471 non
222 2407 429 2482 obstantibus,
445 2405 519 2468 edit.
539 2404 720 2468 Parisiensis
734 2404 908 2484 lectionem,
924 2415 1191 2484 cenomanorum,

144 2492 390 2579 amplectendam
406 2514 471 2553 esse
485 2512 603 2553 censeo.
632 2489 782 2554 Habebas
798 2491 901 2554 statim
917 2506 989 2554 ante
1002 2502 1193 2555 somarnenta

150 2578 269 2641 Christi.
306 2575 478 2662 Significari
493 2575 611 2638 interea
626 2575 788 2660 scripturae
803 2599 897 2640 sacrae
913 2576 1059 2639 videntur
1073 2576 1122 2640 his
1137 2601 1192 2641 vo-

145 2664 233 2727 cibus
252 2664 451 2726 instrumenta
470 2662 640 2724 diuinarum
657 2683 756 2724 rerum
773 2672 802 2726 et
820 2673 1076 2727 samnmeutorunt
1094 2663 1194 2727 Chris-

146 2751 306 2813 tianorum.
352 2750 434 2811 Mox
449 2747 699 2834 praepositionem
715 2749 753 2811 de
767 2772 826 2836 pro
842 2771 878 2812 etc
892 2748 1021 2813 adhibet
1035 2771 1121 2812 more
1136 2772 1193 2812 suo

147 2834 373 2899 Tertullianus.

190 2923 228 2983 P.
250 2940 317 3004 152.
336 2919 357 2983 l.
376 2939 406 2983 2.
429 2918 518 2983 aliter
537 2942 607 2983 eum
629 2919 796 2998 disserunt,
812 2943 906 3006 quam
922 2919 955 2982 in
970 2943 1044 2983 vcro
1059 2923 1117 3007 est]
1137 2921 1193 2984 Vi-

145 3006 226 3071 desis
245 3029 318 3093 quae
336 3005 402 3092 jam
426 3028 522 3091 supra
540 3005 646 3069 notavi
666 3006 707 3068 ad
726 3029 792 3091 cap.
806 3027 859 3091 30.
898 3006 954 3068 Ad
972 3005 1099 3093 phrasin
1120 3030 1194 3071 vero

170 3093 231 3156 uod
252 3092 373 3165 attinet,
390 3113 482 3175 qnam
500 3092 532 3154 in
550 3114 620 3156 uero
637 3101 693 3167 est,
708 3092 803 3156 habet
821 3106 930 3155 auctor
952 3091 985 3154 in
1005 3091 1057 3154 lib.
1077 3115 1134 3155 suo
1156 3095 1194 3156 de

145 3118 254 3242 iterur.
278 3179 394 3253 Carnis,
415 3179 510 3241 Porro
532 3179 588 3240 etsi
609 3179 654 3240 ito
675 3178 708 3240 in
730 3201 804 3241 vero
826 3179 983 3256 habeatur,
1004 3200 1073 3262 cap.
1092 3198 1142 3240 11.
1161 3193 1193 3242 et

145 3264 333 3328 infra-non
348 3262 429 3326 enirn
446 3261 525 3326 banc
543 3286 607 3326 esse
627 3264 751 3326 intuetu.
768 3287 795 3327 c.
812 3266 860 3326 18.
899 3262 1034 3349 Anglice
1049 3262 1192 3342 dicimus,

147 3373 182 3414 os
196 3352 228 3413 in
243 3351 325 3413 truth
339 3350 364 3413 it
379 3351 416 3425 is,
433 3358 466 3411 ut
481 3351 513 3411 in
527 3370 596 3411 vero
611 3359 665 3411 est.

190 3436 275 3500 Ibid.
300 3434 321 3499 l.
335 3455 368 3519 3.
402 3437 516 3520 Itaque
539 3457 631 3497 omne
656 3433 853 3498 mendacium
878 3432 918 3496 de
942 3434 1013 3496 Deo
1033 3433 1082 3496 vel
1108 3434 1193 3498 natio

146 3521 379 3608 quodammodo
393 3544 496 3597 sexuS,
509 3534 555 3583 est
565 3519 763 3606 idololatriae]
778 3520 828 3583 Sic
843 3543 874 3583 se
889 3520 984 3582 habet
999 3520 1095 3584 editio
1109 3520 1193 3606 prin-

146 3632 237 3694 ceps3
263 3607 317 3670 sed
339 3606 380 3669 ad
402 3605 544 3670 ultimam
566 3605 732 3669 editionem
756 3629 844 3669 suam
867 3606 1041 3670 Rhenanus
1063 3606 1117 3684 ait,
1134 3630 1192 3670 au-

147 3718 215 3757 sum
239 3718 270 3758 se
290 3715 355 3756 esse
374 3716 433 3778 pro
447 3693 495 3756 uel
515 3694 598 3755 natio
614 3691 746 3755 scribere
760 3693 902 3770 damulti),
918 3692 981 3756 huc
997 3716 1029 3756 se
1044 3692 1193 3756 trabenti-

146 3781 206 3843 bus
236 3777 480 3845 Paterniacensis
508 3777 621 3841 codicis
647 3777 794 3876 vestigiis.
848 3777 1061 3844 substitutum
1088 3794 1134 3843 est
1159 3779 1191 3842 in

146 3866 235 3930 editt.
253 3864 465 3950 sequentibus,
478 3864 564 3950 quod
579 3864 684 3950 posuit
700 3864 867 3950 RigaltiuS,
883 3867 998 3950 Itaque
1010 3887 1097 3929 omne
1111 3888 1193 3928 rneri-

147 3954 267 4015 docium
283 3951 368 4035 quod
384 3953 422 4014 de
436 3953 506 4014 Deo
520 3949 664 4028 dicimus,
679 3953 899 4035 quodammodo
917 3973 1018 4036 genus
1033 3961 1077 4014 est
1092 3951 1156 4013 idol
1176 3989 1189 4000 -

147 4038 256 4115 latria,
281 4036 339 4100 nisi
363 4037 449 4122 quod
476 4037 563 4100 abest
588 4061 649 4100 vox
677 4039 897 4122 quodammodo
921 4037 962 4099 ab
987 4037 1060 4099 edit.
1088 4036 1189 4100 Paris.

150 4125 243 4205 1566.
275 4124 324 4185 At
341 4123 458 4185 veroin
474 4123 555 4186 notis
569 4122 644 4187 calci
659 4122 803 4187 editionis
817 4121 953 4186 Franeh.
968 4121 1097 4208 adjectis
1110 4144 1190 4206 prae-

147 4207 219 4271 tulit
232 4209 256 4271 J
260 4206 351 4270 unius
372 4207 534 4271 lectionem
554 4207 696 4272 editionis
714 4208 874 4296 principis,
889 4222 1012 4273 tanturn
1027 4206 1129 4293 posito
1143 4209 1191 4270 vel

146 4308 217 4358 ante
229 4295 458 4378 quodammode,
471 4310 508 4358 ut
518 4317 579 4358 vox
591 4295 675 4359 notio
689 4295 720 4359 in
736 4317 860 4360 sensum
872 4293 994 4382 generis
1007 4292 1187 4381 accipiatur,
