2678 4830
148 335 212 404 198
482 334 861 400 ANNOTATIONES

148 504 204 576 lis;
228 504 260 568 id
301 505 361 568 uod
381 504 498 568 Simoni
518 504 648 591 aliisque
666 504 819 568 haereticis
838 503 989 591 placebat.
1030 506 1197 570 Mundum

147 590 189 654 ab
208 528 325 676 augilis
344 591 408 653 suis
424 591 602 655 institutum
623 614 688 653 esse
703 590 784 653 dixit
803 590 921 667 Simon,
937 591 1089 655 referente
1110 593 1197 656 Auc-

150 692 219 741 tore
232 699 390 763 anonymo
402 678 502 740 Adue.
520 679 634 740 Omnes
649 678 809 754 Haereses,
825 699 893 762 cap.
907 695 937 742 2.

194 765 232 827 P.
250 767 320 842 146.
336 762 358 825 l.
372 780 420 849 15.
437 785 509 848 qnae
524 762 652 848 quando
666 761 795 838 fuerint,
811 762 888 825 dum
910 785 971 825 non
992 761 1112 826 intersit
1124 785 1198 848 quse

149 849 278 936 quando
298 848 337 912 de
358 849 487 912 veritate
506 871 568 912 non
589 848 664 932 sint]
684 847 735 911 Sic
748 847 823 911 edit.
840 848 994 935 princeps.
1031 848 1091 911 Ait
1108 851 1196 912 Sem-

149 935 244 1011 lerus,
260 943 282 974 “
294 937 317 998 J
322 934 413 998 unius
428 936 510 1022 conj.
525 958 594 1021 qum
608 934 885 1022 quandosnerint,
902 943 968 998 torn
982 957 1046 997 non
1060 936 1198 1000 intersit.

151 1030 173 1061 “
189 1021 391 1085 Wouwerius
405 1021 603 1084 scribendum
618 1034 733 1097 censet,
735 1023 871 1106 fiterint
884 1043 947 1084 non
961 1022 1098 1084 intersit.
1132 1022 1199 1084 Pu-

151 1115 251 1171 “tem
270 1121 352 1170 recte
371 1107 486 1171 habere
506 1107 651 1170 Rhenani
675 1106 722 1188 (h.
738 1129 766 1169 e.
788 1106 837 1169 ed.
862 1106 1081 1192 principern).”
1116 1108 1198 1170 Haec

150 1193 281 1258 Sernler.
321 1194 471 1257 Inserunt
492 1191 678 1291 particulam
701 1192 775 1255 dnm
798 1206 870 1255 ante
891 1215 983 1255 voces
1003 1193 1041 1255 de
1065 1194 1199 1256 ueritate

150 1302 215 1343 non
236 1281 313 1355 sint,
335 1279 409 1342 edd.
433 1281 532 1343 Paris.
555 1293 586 1342 et
609 1277 747 1341 Franek.
791 1277 904 1341 Edidit
930 1278 1200 1364 Rigaltius—quae

150 1366 276 1453 qnando
290 1365 439 1449 fuerint,
461 1364 626 1428 dnmmodo
651 1366 789 1441 intersit,
812 1387 882 1512 Ἕω
907 1365 1043 1450 quando,
1066 1365 1141 1426 dom
1160 1364 1199 1426 de

152 1453 285 1515 veritate
303 1475 367 1516 non
388 1453 464 1515 sint.
510 1451 573 1515 Sed
591 1464 799 1536 reposuerunt
852 1472 933 1535 upus
947 1465 1043 1535 atque
1058 1449 1200 1513 Thoma-

152 1537 216 1601 sius
239 1539 311 1600 dum
333 1559 393 1601 non
415 1537 544 1600 intersit.
590 1537 711 1600 Totum
737 1535 840 1599 locum
866 1535 911 1599 ita
934 1535 1073 1620 legerim,
1096 1550 1127 1599 et
1152 1533 1200 1597 in-

152 1622 377 1710 terpunxerim,
394 1623 525 1706 Eligant
541 1622 637 1707 igitur
655 1623 712 1684 sibi
735 1631 870 1702 tempora
891 1623 1039 1684 universa>
1059 1623 1197 1700 haereses,

151 1709 203 1773 hae
217 1707 474 1791 qrtandofaerint,
485 1709 558 1770 dum
570 1707 647 1790 (vel,
659 1711 747 1791 cum)
762 1729 823 1771 non
837 1707 967 1786 intersit,
985 1729 1065 1791 qnae,
1078 1709 1199 1790 quando

152 1797 191 1858 de
205 1795 333 1858 veritate
344 1816 404 1857 reon
417 1794 489 1856 sint.

197 1878 282 1942 Ibid.
305 1878 326 1942 l.
344 1897 393 1960 24.
421 1878 489 1942 aliae
511 1876 640 1964 quidem
662 1877 723 1941 illae
745 1877 889 1963 fuerunt]
915 1879 1030 1942 Vocem
1053 1878 1117 1941 illae
1140 1900 1198 1940 ex-

152 1964 267 2053 punxit
282 1964 453 2052 Rigaltius,
467 1987 563 2049 quam
579 1963 729 2028 revocavi.

196 2050 281 2114 Ibid.
304 2050 325 2115 l.
345 2067 394 2136 25.
423 2066 530 2136 postea
558 2050 677 2115 obortae
702 2049 852 2135 quasdam
884 2073 923 2113 ex
952 2048 1012 2112 illis
1038 2049 1199 2136 opiniones

152 2140 359 2225 usurparunt]
382 2139 433 2200 Ita
452 2136 527 2201 edit.
547 2137 652 2224 prince
677 2160 702 2214 s,
717 2136 808 2222 cujus
828 2135 989 2200 lectionem
1012 2135 1164 2213 revocavi,
1180 2160 1199 2199 a

152 2225 176 2288 J
179 2223 254 2287 unio
276 2222 349 2286 olim
376 2223 549 2309 probatam.
596 2160 706 2287 Hadet
731 2221 889 2309 Rigaltius
912 2223 1057 2306 quiddam
1079 2244 1119 2284 ea
1138 2223 1200 2284 illis

152 2319 379 2392 mediaverunt.
431 2311 531 2373 Extat
561 2309 592 2372 in
623 2309 712 2373 editt.
740 2308 838 2371 Paris.
865 2323 897 2372 et
926 2306 1061 2371 Franek.
1091 2318 1199 2390 postea

153 2397 265 2460 obortae
279 2408 363 2472 sunt,
379 2408 411 2459 et
426 2397 576 2479 quasdam
590 2417 629 2458 ex
643 2396 705 2458 illis
719 2394 871 2476 opiniones
885 2415 988 2475 nmrp.

195 2481 278 2545 Ibid.
301 2481 321 2544 l.
340 2482 391 2547 28.
414 2481 613 2567 praecedente
635 2481 689 2544 illo
710 2481 772 2544 fine
793 2479 971 2565 supradicto
992 2478 1195 2565 posteritatis]

152 2568 243 2654 Lego
256 2569 450 2654 praecedente
469 2568 522 2631 illo
531 2566 612 2649 sane
625 2568 798 2650 supradicto
810 2565 1008 2648 posteritatis,
1024 2564 1057 2627 id
1073 2579 1130 2641 est,
1147 2589 1198 2628 or-

151 2653 224 2717 dine
238 2653 447 2731 successionis,
463 2677 528 2740 quo
548 2668 698 2740 tanquam
713 2652 789 2716 fune
804 2651 844 2715 ad
860 2650 1043 2736 apostolicas
1057 2650 1200 2714 ecclesias

150 2739 368 2803 conscenditur
386 2755 422 2802 ut
439 2763 508 2826 cap.
522 2760 575 2825 31.
592 2754 624 2804 et
637 2758 690 2824 32.
705 2737 828 2825 copiose
842 2736 973 2801 dictum.
1018 2738 1102 2800 Nam
1117 2761 1135 2800 e
1150 2737 1197 2800 di-

152 2847 241 2888 verso
255 2824 501 2911 deprehenditur
516 2825 675 2889 haereseon
694 2824 824 2888 istorum
845 2823 1009 2910 posteritas
1025 2822 1102 2886 func
1116 2822 1199 2886 illius

151 2909 268 2997 pariter
281 2911 455 2974 observato.
479 2913 502 2975 J
505 2932 617 2974 unlus.

195 2998 232 3060 P.
249 3017 320 3078 147.
337 2996 358 3062 l.
371 3012 401 3081 5.
424 2995 625 3081 respondere]
643 2998 718 3059 For.
734 2993 903 3080 legendum
918 3017 1067 3077 reponere.

196 3081 280 3146 Ibid.
297 3082 316 3147 l.
335 3083 384 3147 18.
407 3081 615 3146 curiositatem
631 3080 742 3145 melius
756 3083 911 3165 exercere]
932 3082 1050 3146 Confer
1060 3081 1128 3168 jam
1145 3104 1196 3144 su-

151 3190 208 3256 pra
222 3168 307 3233 dicta
321 3169 352 3231 in
367 3190 436 3254 cap.
453 3189 501 3247 14.

195 3255 279 3319 Ibid.
295 3254 317 3318 l.
335 3274 384 3321 20.
408 3253 494 3341 apud
510 3276 589 3340 quas
604 3251 680 3339 ipsae
694 3251 798 3316 adhuc
813 3252 970 3317 cathedrae
984 3276 1003 3316 a
1046 3253 1196 3316 stolorum

152 3341 216 3405 suis
238 3341 314 3405 locis
336 3341 517 3428 praesident]
547 3343 579 3404 S.
603 3338 747 3426 ignatius
775 3338 863 3402 initio
894 3277 1045 3420 Epstolid
1066 3341 1108 3401 ad
1134 3338 1198 3402 Ro-

150 3429 456 3512 manoa,-3rxlneip
476 3429 539 3506 ἥτις
561 3428 608 3490 καὶ
631 3424 811 3508 προκάθηται
834 3427 868 3489 ἐν
889 3427 969 3511 τόπῳ
990 3428 1100 3508 χωρίου
1124 3423 1196 3487 Ῥω-

150 3515 255 3593 μαίων.

196 3597 281 3662 Ibid.
304 3598 326 3660 l.
352 3616 403 3662 21.
433 3597 621 3660 authenticae
644 3597 771 3682 litterae]
797 3596 925 3682 Lingua
951 3593 1066 3658 scilicet
1089 3595 1196 3657 eadem

152 3707 216 3769 qua
230 3684 357 3747 fuerant
376 3684 416 3747 ab
435 3681 582 3770 apostolis
601 3682 795 3767 conscriptae,
811 3696 954 3746 sonantes
968 3703 1076 3744 vocem
1091 3680 1200 3743 unius-

152 3769 316 3856 cujusque.
343 3767 393 3832 Sic
407 3768 473 3856 ipse
488 3769 542 3832 lib.
555 3768 595 3832 de
611 3770 743 3854 Monog.
760 3768 800 3831 ad
817 3769 966 3833 Graecum
981 3765 1198 3830 authenticum

153 3854 245 3920 Pauli
265 3867 424 3941 provocat.
449 3856 599 3919 anatr.
646 3855 737 3918 ldem
757 3853 896 3918 Semlero
916 3853 1028 3939 placet,
1052 3853 1107 3939 qui
1131 3851 1198 3916 haec

152 3941 324 4017 adnotavit,
341 3949 363 3980 “
376 3940 556 4004 anthentica
571 3941 674 4019 literae,
691 3962 753 4003 non
767 3939 930 4025 originalia
944 3955 976 4002 et
990 3939 1198 4025 autographa,

154 4037 176 4068 “
191 4042 228 4093 ut
242 4026 333 4092 multi
350 4026 429 4090 falso
447 4025 673 4112 intelligebant,
688 4025 742 4090 sed
759 4026 887 4103 Groecae,
902 4024 977 4110 quia
996 4024 1046 4088 isti
1067 4024 1118 4088 alii
1135 4025 1199 4087 La-

153 4123 175 4154 “
191 4114 255 4178 tina
292 4110 491 4178 translatione
527 4112 709 4188 utebantur,
741 4111 820 4175 sicut
853 4109 920 4197 ipse
951 4110 1198 4174 Tertullianus.''

152 4201 234 4265 Haec
251 4198 418 4278 Semlerus,
435 4220 537 4285 neque
559 4197 648 4261 aliter
669 4199 728 4262 hac
749 4197 789 4260 de
807 4219 841 4259 re
860 4210 1036 4260 statuerunt
1055 4196 1197 4260 nonnulli

151 4285 201 4350 alii
217 4286 392 4372 scriptores.
427 4286 544 4348 Verum
561 4283 635 4349 scite
650 4282 773 4349 monuit
786 4278 945 4369 Georgius
960 4283 1117 4348 Stanleius
1131 4285 1195 4346 Fa·
