2678 4830
368 283 371 287 ⁴
506 295 570 358 DE
595 295 849 360 ORATIONE.
1141 302 1204 370 109

157 464 264 538 statio
290 462 459 537 solvenda
481 464 528 537 sit
551 478 872 567 acceptoscorpore
893 465 1057 539 Domini.
1103 468 1204 568 Ergo

155 578 327 654 devotum
353 578 437 652 Deo
461 581 683 677 obsequium·
701 579 916 653 eucharistia
941 580 1086 655 resolvit
1096 578 1115 654 l'
1143 583 1203 656 An

106 686 110 693 ’
155 696 271 794 magis
301 695 384 769 Deo
416 695 576 794 obligat?
610 696 746 768 Nonne
776 694 971 768 solemnior
999 696 1067 769 erit
1095 698 1202 772 statio

154 826 229 901 tua,
255 811 285 884 si
310 823 347 884 et
373 811 417 884 ad
445 838 541 884 aram
571 811 644 885 Dei
671 810 833 884 steteris?
865 811 1030 910 Accepto
1055 839 1202 912 corpore

127 926 321 1016 5Domini,
338 938 375 999 et
395 940 583 1015 reservato,
600 938 793 1023 utrumque
817 926 954 999 salvum
980 940 1046 1016 est,
1063 941 1099 1001 et
1121 956 1202 1027 par·

154 1042 318 1141 ticipatio
340 1041 517 1132 sacrificii,
534 1055 571 1114 et
588 1039 785 1136 exequutio
802 1039 922 1113 officii.
975 1042 1013 1114 Si
1031 1043 1138 1116 statio
1155 1044 1201 1117 de

155 1158 299 1232 militari
317 1155 486 1255 exemplo
503 1182 636 1228 nomen
654 1154 785 1254 accipit
806 1157 906 1249 (nam
924 1156 1113 1231 etmilitr’a
1125 1159 1202 1231 Dei

153 1274 294 1369 sumus)
316 1275 354 1370 (2
366 1272 449 1344 Cor.
460 1296 495 1342 x.
507 1285 541 1343 4.
563 1285 575 1342 l
594 1270 690 1343 Tim.
704 1269 727 1341 i.
745 1270 817 1362 18.)
836 1269 961 1365 utique
986 1272 1086 1344 nulla
1108 1273 1201 1347 laeti-

152 1389 216 1475 tia,
235 1389 308 1463 sive
325 1386 468 1461 tristitia
485 1385 679 1458 obveniens
697 1384 833 1474 castris,
851 1384 1021 1458 stationes
1040 1387 1199 1461 militum

87 1486 336 1576 ¹'rarescindit
382 1500 482 1573 Nam
507 1500 631 1573 laetitia
654 1500 838 1587 libentius,
858 1499 1004 1573 tristitia
1027 1502 1199 1577 solicitius

154 1617 420 1694 administrabit
436 1615 673 1715 disciplinam.

209 1735 272 1807 De
303 1732 430 1805 habitu
460 1757 545 1804 vero
574 1730 764 1803 dumtaxat
794 1731 1024 1823 feminarum,
1047 1733 1198 1810 varietas
1244 1766 1327 1816 cap,

152 1848 409 1922 observationis
435 1847 557 1934 efficit,
580 1858 662 1947 post
689 1846 957 1922 sanctissimum
981 1850 1196 1948 apostolum,
1207 1895 1246 1945 D,
1254 1833 1314 1946 ἓξὲξ

115 1949 121 1956 ⁸
151 1991 217 2037 nos
243 1965 300 2038 vel
330 1962 489 2038 maxime
514 1963 649 2036 nullius
675 1962 744 2037 loci
772 1963 938 2037 homines
968 1962 1289 2064 impudenterfrr'
1333 1986 1337 2003 ·

109 2092 363 2168 15retractare:
389 2079 458 2152 nisi
476 2077 572 2177 quod
591 2105 664 2151 non
685 2077 926 2178 impudenter,
945 2080 973 2152 si
999 2080 1196 2153 secundum

152 2197 355 2296 apostolum
381 2207 626 2268 retractemus.
669 2194 729 2267 De
752 2193 929 2268 modestia
952 2194 1099 2292 quidem
1122 2197 1200 2270 cul-

151 2324 210 2385 tus
236 2325 274 2385 et
298 2324 456 2402 ornatus,
478 2323 601 2410 aperta
626 2311 848 2410 praescriptio
875 2323 928 2383 est
953 2310 1064 2383 ctiam
1090 2310 1198 2401 Petri,

152 2428 356 2502 cohibentis
382 2428 509 2502 eodem
536 2454 608 2513 ore,
633 2425 718 2522 quia
743 2425 871 2498 eodem
898 2437 935 2497 et
961 2423 1098 2523 spiritu,
1125 2450 1198 2521 quo

152 2544 296 2633 Paulus,
320 2544 536 2617 et.vestium
564 2543 727 2642 gloriam,
752 2552 789 2612 et
815 2538 890 2612 auri
917 2539 1135 2638 superbiam,
1161 2553 1198 2613 et

106 2686 142 2728 20
153 2658 308 2732 crinium
325 2659 492 2731 lenonem
514 2656 612 2758 (sor.
626 2657 819 2730 lenoniam.
832 2655 903 2730 oid.
918 2656 1056 2751 aotam)
1073 2681 1197 2755 opero·

151 2774 295 2848 sitatem
318 2776 352 2872 (1
371 2775 447 2847 Pet.
463 2773 514 2847 iii.
526 2786 561 2847 3.
584 2787 599 2845 1
614 2772 710 2845 Tim.
724 2771 760 2844 ii.
775 2771 843 2866 9.).

148 2941 151 2946 -
192 2889 264 2962 Sed
279 2888 375 2987 quod
388 2889 592 2989 promiscue
605 2889 814 2962 observatur
825 2877 891 2989 per
903 2888 1083 2976 ecclesias,
1094 2886 1195 2986 quasi
1241 2913 1325 2964 cnr.

151 3006 327 3079 incertum
350 3004 387 3077 id
411 3003 677 3077 retractandum
697 3016 762 3094 cst,
779 3004 935 3079 velarine
955 3006 1110 3079 debeant
1126 2981 1324 3095 νίν-ΗΘΜ,

150 3121 264 3220 gines,
281 3147 327 3193 an
350 3146 433 3193 non.
486 3119 560 3203 Qui
583 3120 683 3193 enim
705 3118 903 3217 virginibus
926 3118 1116 3219 indulgent
1138 3112 1257 3194 calll

105 3266 138 3324 25
150 3236 235 3337 pitis
260 3236 543 3325 immunitatem,
561 3235 632 3308 hoc
654 3233 721 3306 niti
737 3231 915 3323 videntur,
932 3233 1028 3331 quod
1053 3247 1196 3332 aposto-

150 3353 205 3424 lus
225 3351 259 3447 (1
280 3351 364 3423 Cor.
381 3351 429 3422 xi.
448 3351 497 3446 5.)
518 3376 591 3422 non
610 3349 765 3448 virgines
784 3350 1013 3440 nominatim,
1029 3349 1091 3424 sed
1115 3377 1196 3425 mu-

149 3467 252 3565 lieres
269 3463 509 3563 designaverit
524 3463 693 3538 velandas
711 3492 808 3552 esse;
835 3492 903 3539 nec
926 3493 1066 3554 sexum,
1083 3479 1125 3540 ut
1142 3466 1196 3541 di·

150 3593 246 3656 ceret
254 3577 438 3680 feminas,
456 3579 518 3654 sed
535 3579 686 3680 gradum
705 3609 823 3672 sexus,
841 3581 994 3656 dicendo
1011 3584 1194 3659 mulieres.

148 3696 248 3770 Nam
273 3696 302 3768 si
325 3721 453 3769 sexum
479 3696 711 3788 nominasset,
719 3736 723 3745 ·
723 3696 893 3799 feminas
908 3698 1074 3789 dicendo,
1092 3700 1195 3772 abso-

103 3812 224 3894 30lute
242 3811 428 3885 definisset
439 3811 484 3884 de
498 3811 598 3885 omni
617 3812 777 3887 muliere.
803 3814 880 3887 Aut
895 3811 990 3915 (for.
1001 3815 1067 3912 At)
1079 3840 1194 3912 quum

80 3944 84 3951 '
148 3955 264 4002 unum
287 3928 439 4027 gradum
458 3952 564 4000 sexus
580 3926 757 4015 nominat,
776 3929 888 4003 alium
907 3929 1059 4004 tacendo
1081 3955 1195 4003 secer-

149 4043 225 4117 nit.
264 4044 397 4125 ,Potuit
411 4043 522 4129 enim,
545 4043 729 4140 inquiunt,
754 4057 816 4120 aut
838 4059 874 4119 et
898 4044 1052 4144 virgines
1076 4042 1194 4119 nomi-

149 4185 233 4232 nare
251 4160 461 4258 specialiter,
474 4173 536 4235 aut
553 4160 770 4260 compendio
786 4158 997 4259 generaliter
1012 4155 1176 4229 feminas.
