2678 4830
89 312 93 319 ’
170 315 233 379 110
522 309 862 376 TERTULLIANI

41 498 125 548 CAP.

37 564 126 614 XXII.

219 483 293 567 Qui
319 482 370 556 ita
395 480 600 555 concedunt
629 479 727 582 (for.
745 482 999 579 contendunt),
1018 480 1213 578 recogitare

167 598 303 673 debent
327 596 372 670 de
398 610 493 670 statu
519 598 684 671 vocabuli
709 597 834 696 ipsius,
856 596 943 694 quid
966 609 1020 669 est
1040 595 1173 669 mulier
1193 623 1213 668 a

166 713 293 814 primis
310 711 456 809 quidem
480 711 591 785 literis
617 725 822 786 sanctorum
846 711 1211 797 commentariorum;

165 855 251 902 nam
278 827 468 901 inveniunt
492 827 589 929 (sor.
607 827 805 921 invenient)
832 855 937 902 sexus
964 855 1041 901 esse
1066 854 1211 918 nomen,

165 969 238 1015 non
256 942 408 1041 gradum
427 968 545 1016 sexus.
572 942 758 1040 Siquidem
778 943 894 1017 Evam
913 944 1075 1017 nondum
1093 944 1240 1029 virum5

166 1070 353 1157 expertam
374 1057 473 1130 Deus
487 1058 679 1131 mulierem
695 1070 732 1131 et
737 1057 925 1160 feminam
942 1058 1213 1155 cognominavit

168 1174 419 1270 (Gen.ii.23.):
442 1169 647 1272 [feminam
661 1199 732 1269 qua
749 1199 854 1246 sexus
868 1173 1090 1271 generaliter,
1105 1174 1213 1246 muli-

165 1315 275 1378 erem,
292 1315 363 1386 qua
380 1287 510 1385 gradus
529 1314 634 1361 sexus
652 1289 864 1388 specialiter.
883 1286 1039 1389 delend]
1082 1289 1212 1385 Itaque

169 1403 268 1505 (sor.
280 1403 338 1476 lta
351 1402 451 1501 quia)
462 1402 541 1499 jam
557 1415 645 1476 tunc
658 1402 812 1504 innupta
827 1404 946 1477 adhuc
958 1404 1037 1478 Eva
1051 1405 1212 1477 mulieris
1265 1498 1268 1503 Ι

164 1521 339 1594 vocabulo
351 1516 449 1619 (for.
461 1522 528 1593 sub
541 1520 731 1615 vocabulo)
745 1517 826 1607 fuit,
844 1545 1039 1592 commune
1055 1520 1090 1592 id
1108 1547 1260 1593 voca-10

165 1636 293 1708 bulum
305 1647 342 1705 et
353 1633 482 1732 virgini
496 1634 710 1706 factumest.
735 1632 816 1705 Νθθ
830 1632 974 1723 mirum,
986 1634 1015 1706 si
1028 1636 1211 1733 apostolus

164 1749 293 1822 eodem
315 1748 440 1846 utique
460 1748 590 1847 spiritu
617 1761 729 1837 actus,
748 1774 822 1844 quo
846 1774 928 1821 cum
956 1749 1075 1822 omnis
1102 1751 1212 1849 scrip-

164 1879 245 1940 tura
270 1864 512 1954 divinitatum,
538 1877 575 1937 et
599 1865 662 1938 ille
690 1863 789 1964 (jor.
807 1863 939 1953 divina,
961 1876 1040 1936 turn
1066 1877 1103 1937 et
1130 1865 1207 1961 illa)

166 1980 317 2054 Genesis
336 1980 476 2079 digesta
493 1993 558 2072 est,
575 1981 700 2054 eadem
719 2007 806 2055 voce
829 2009 914 2055 usus
938 1995 1004 2072 est,
1022 1983 1208 2056 mulierem

164 2095 354 2196 ponend0;
391 2121 472 2192 quae
502 2096 670 2194 exemplo
704 2096 793 2170 Evae
824 2097 987 2195 innuptae
1017 2110 1054 2170 θῖ
1082 2098 1234 2196 virginii
1241 2125 1259 2184 5

166 2224 360 2312 competat.
403 2210 535 2285 Cetera
556 2211 712 2308 denique
730 2239 803 2285 non
822 2226 951 2286 sonant
973 2211 1073 2314 (for.
1087 2240 1213 2286 conso-

165 2327 288 2422 nant),
298 2353 383 2399 nam
396 2337 433 2399 et
445 2325 516 2399 hoc
530 2325 620 2424 ips0‚
633 2326 729 2423 quod
744 2328 898 2425 virgines
913 2355 985 2399 non
999 2328 1212 2418 nominavit,

165 2442 260 2515 sicut
270 2443 341 2516 alio
353 2443 391 2515 in
401 2443 492 2528 loc0,
502 2441 565 2515 ubi
579 2442 624 2515 de
637 2442 808 2516 nubendo
818 2444 935 2533 docet,
945 2443 1031 2516 satis
1041 2444 1211 2544 praedicat

166 2556 211 2630 de
227 2559 327 2631 omni
346 2558 507 2648 muliere,
520 2557 614 2631 etde
626 2570 704 2631 toto
718 2584 806 2632 sexu
819 2557 971 2648 dictum,
984 2585 1052 2632 nec
1065 2559 1212 2633 distinc-

165 2685 245 2747 tum
263 2701 339 2747 csse
357 2674 450 2746 inter
465 2673 654 2773 virginem,
670 2673 820 2746 omnino
837 2700 911 2747 non
931 2673 1095 2748 nominat
1113 2673 1210 2775 (sor.
1223 2704 1260 2744 20

166 2789 416 2885 nominatam).
438 2789 512 2871 Qui
523 2788 620 2860 enim
633 2788 717 2861 alibi
729 2785 949 2886 distinguere
960 2787 1137 2877 meminit,
1147 2790 1211 2862 ubi

167 2902 304 2976 scilicet
319 2903 518 2977 differentia
537 2904 696 3003 postulat
714 2904 920 3003 (distinguit
936 2918 1059 2978 autem
1077 2917 1211 2978 utram-

167 3045 238 3116 que
256 3018 411 3119 speciem
432 3017 505 3092 suis
522 3019 705 3092 vocabulis
722 3020 948 3118 designans);
968 3021 1030 3094 ubi
1048 3047 1121 3093 non
1139 3021 1211 3093 dis-

166 3135 311 3235 tinguit,
335 3135 424 3209 dum
451 3146 642 3230 utramque
668 3162 741 3208 non
766 3137 943 3226 nominat,
968 3137 1107 3211 nullam
1133 3137 1211 3211 vult

165 3252 401 3327 differentiam
419 3251 583 3351 intelligi.
635 3250 756 3335 Quid?
774 3252 871 3350 quod
891 3254 1018 3326 Graeco
1035 3280 1210 3341 sermone,
1221 3283 1257 3342 25

166 3395 240 3466 quo
263 3368 382 3443 literas
404 3370 588 3468 apostolus
605 3367 702 3455 fecit,
720 3369 801 3443 usui
825 3381 878 3442 est
900 3368 1067 3441 mulieres
1084 3395 1210 3441 vocare

166 3499 241 3557 tam
259 3484 425 3574 feminas,
441 3484 479 3557 id
496 3497 551 3558 est
567 3495 722 3582 γυναῖκας,
740 3511 851 3582 quam
868 3483 999 3574 θηλείας.
1040 3484 1157 3583 Igitur
1180 3485 1208 3556 si

164 3624 231 3698 pro
261 3626 367 3673 sexus
401 3599 548 3673 nomine
576 3601 791 3674 vocabulum
827 3600 923 3673 istud
953 3583 1210 3698 frequentatur,

165 3714 262 3810 quod
288 3728 343 3787 est
368 3715 663 3814 interpretatione
689 3744 754 3816 pro
780 3744 835 3806 eo,
860 3715 957 3814 quod
983 3729 1038 3789 est
1063 3715 1209 3803 femina,

165 3851 292 3900 sexum
311 3829 524 3919 nominavit,
541 3830 664 3904 dicens
679 3843 818 3930 γυναῖκα.
862 3832 908 3904 ln
925 3847 1017 3904 sexu
1035 3844 1153 3904 autem
1173 3843 1209 3903 et
1220 3864 1259 3920 30

163 3942 264 4044 virgo
276 3944 499 4043 contingitur
512 3944 611 4047 (for.
626 3947 859 4044 continetur).
886 3945 956 4020 Sed
970 3959 1007 4019 et
1020 3945 1210 4019 manifesta

163 4059 413 4158 pronunciatio
427 4074 500 4136 est:
518 4063 658 4150 Omnia,
672 4063 803 4161 inquit,
815 4064 848 4157 (l
865 4064 947 4137 Cor.
959 4062 1066 4161 xio.)
1078 4062 1210 4137 mulier
1239 4133 1241 4137 s

165 4176 331 4270 adorans,
348 4191 383 4252 et
400 4179 625 4277 prophetans
647 4180 780 4255 intecto
804 4180 924 4276 cupite
941 4178 1132 4254 dedecorat
1150 4204 1210 4251 ca-
