2678 4830
340 570 707 643 suAnuuuuuu
734 568 999 642 nummum

193 771 242 870 S.
273 766 551 872 IRENAEI
588 767 692 870 AD
729 764 1141 872 FLORINUM.

523 1061 813 1108 ...Q-...-

163 1278 370 1357 Fragmentum
384 1277 521 1353 Epistolae
535 1276 566 1335 S.
577 1277 680 1335 Irenaei
694 1277 731 1334 nd
744 1276 902 1345 Flosinum,
917 1277 994 1355 apud
1008 1276 1176 1345 Eusebium,

455 1375 532 1434 Hist.
547 1376 627 1434 Eeel.
642 1376 693 1433 lib.
705 1376 744 1433 V.
759 1394 823 1451 cap.
837 1394 884 1434 ιο.

123 1483 348 1624 ὅΤΑΥΤΑ
379 1505 426 1585 τὰ
456 1503 617 1609 δόγματα
648 1511 824 1610 Φλωρῖνε,
859 1507 916 1585 ἵνα
946 1507 1191 1614 πεφεισμένως

152 1634 252 1732 ε’ίπω,
274 1636 337 1713 οὐκ
355 1633 454 1713 ἔστιν
473 1636 591 1736 ὑγιοῦς
611 1631 767 1734 γνώμης.
815 1638 940 1714 Ταῦτα
961 1631 1008 1713 τὰ
1029 1630 1191 1736 δόγματα

152 1758 357 1868 ἀσύμφωνοί
378 1763 456 1840 ε’στι
480 1767 526 1867 τῇ
550 1761 738 1867 ἐκκλησίᾳ,
760 1767 807 1845 εὶς
824 1759 889 1862 τὴν
907 1763 1081 1864 μεγίστην
1100 1761 1188 1840 ἀσέ-

153 1895 254 1983 βειαν
271 1888 540 1994 περιβάλλοντα
557 1886 639 1973 τοὺς
655 1889 879 1990 πειθομένους
897 1892 1026 1974 αὐτοῖς.
1067 1896 1192 1970 Ταῦτα

153 2016 200 2096 τὰ
213 2014 375 2120 δόγματα
388 2016 467 2098 οὐδὲ
480 2023 513 2097 οἱ
527 2017 597 2124 ἔξω
610 2022 673 2118 τῆς
686 2020 876 2118 ἐκκλησίας
889 2021 1067 2122 αἱρετικοὶ,
1084 2014 1189 2101 ε’τόλ·

114 2181 277 2253 10μησαν
304 2144 566 2253 ἀποφῇνασθαί
589 2181 687 2227 ποτε.
735 2150 860 2227 Ταῦτα
885 2146 932 2227 τὰ
959 2144 1192 2250 δόγματα,οί

155 2272 226 2380 πμδ
244 2277 344 2375 ἡμῶν
361 2273 612 2380 πρεσβύτεροι,
634 2280 667 2355 οἱ
688 2277 747 2367 καὶ
766 2283 840 2360 τοῖς
857 2271 1075 2358 ἀποστόλοις
1093 2310 1190 2375 συμ-

157 2400 407 2510 φοιτήσαντες,
430 2405 471 2482 οὐ
487 2400 694 2507 παρέδωκάν
712 2438 784 2482 σοι.
833 2399 940 2482 Εἶδον
960 2399 1031 2507 γάρ
1050 2436 1094 2480 σε
1110 2408 1194 2486 παῖς

157 2527 206 2609 ὢν
223 2530 289 2629 ἔτι,
305 2533 342 2610 ἐν
360 2537 406 2637 τῇ
424 2528 519 2611 κοίτω
536 2533 649 2638 Ἀσίᾳ
660 2529 760 2636 παρὰ
776 2536 827 2638 τῷ
846 2526 1077 2637 Πολνκοίρπιμ
1094 2539 1192 2629 λαμ-

157 2666 256 2763 πρῶς
271 2657 482 2763 πράττοντα4
496 2661 534 2738 ἐν
555 2665 601 2764 τῇ
624 2664 797 2763 βασιλικῇ
814 2659 923 2764 αὐλῇ,
944 2659 1002 2736 καὶ
1019 2656 1192 2762 πειρωμε-

120 2845 149 2906 ,5
160 2822 220 2867 νον
237 2789 527 2892 εὐδοκιμεῖνπαμ
547 2789 654 2894 αὐτῷ.
687 2792 847 2866 Μᾶλλον
864 2785 936 2891 γὰρ
953 2785 1000 2866 τὰ
1016 2783 1096 2867 τότε
1114 2792 1193 2867 δια-

159 2914 378 3017 μνημονεύω,
391 2923 463 2995 τῶν
476 2914 625 3021 ἔναγχος
634 2915 838 3018 γινομένων.
864 2920 912 2996 At
924 2914 996 3020 γὰρ
1009 2917 1047 2994 ἐκ
1060 2916 1196 2996 παίδων

161 3041 332 3144 μαθήσεις
350 3042 594 3150 σοναύξουσοιι
608 3049 654 3148 τῇ
672 3049 791 3151 ψυχῇ,
807 3044 964 3123 ἑνοῦνται
978 3044 1079 3148 αι’πῇ·
1101 3040 1197 3124 ὥστε

510 3207 663 3282 Ιιιιοιγνείε
675 3206 717 3266 Η.
732 3207 848 3265 Valesio.

201 3313 274 3371 Haec
302 3312 448 3392 dogmata,
476 3313 602 3379 Florine,
626 3323 660 3369 ut
700 3324 805 3378 terunt,
827 3329 1011 3388 nequequam
1035 3309 1089 3366 tibi
1112 3309 1199 3368 tradi-

162 3394 329 3472 psrcissime
343 3413 378 3452 sc
393 3394 539 3451 levissime
553 3394 658 3460 dicum,
700 3393 815 3451 derunt.
845 3394 915 3451 Vidi
929 3393 1008 3451 enim
1022 3403 1052 3450 te
1067 3410 1134 3448 cum
1148 3391 1198 3448 sd-

161 3495 221 3534 non
236 3487 304 3533 sunt
317 3494 394 3532 ssnae
408 3474 557 3532 doctrinm.
589 3475 660 3532 Haee
700 3475 757 3533 huc
765 3493 839 3552 puer
847 3494 941 3534 essem
950 3472 1201 3532 ininferioreAsis

162 3558 299 3636 dogmata
317 3556 493 3614 dissentiunt
510 3557 551 3613 ab.
568 3557 660 3613 eecle—
701 3556 778 3632 upud
791 3557 992 3634 Polycarpum,
1007 3554 1158 3632 splendide
1172 3574 1201 3612 s·

163 3639 216 3704 siu,
229 3649 259 3695 et
272 3638 304 3695 in
314 3638 521 3695 maximumim
544 3637 551 3652 ’
571 3649 662 3694 tutem
702 3649 820 3716 gentem
848 3639 880 3696 in
909 3638 1028 3715 palutio,
1059 3647 1090 3693 et
1119 3655 1200 3714 meg-

164 3737 214 3777 eos
236 3719 404 3796 conjiciunt,
420 3718 470 3793 qui
490 3654 661 3863 Ἀξιοπο-
702 3737 812 3795 nopere
835 3721 1026 3786 laborantem,
1051 3728 1085 3775 ut
1106 3728 1136 3775 te
1159 3717 1202 3774 illi

163 3801 287 3858 tinntur.
323 3800 394 3857 Haec
408 3800 514 3877 dogma
539 3800 664 3877 'neipsi
703 3803 888 3877 approbares.
939 3803 1057 3860 Etenim
1079 3820 1115 3860 ea
1138 3824 1202 3879 qnae

164 3881 283 3957 quidem
303 3881 431 3939 haeretici
450 3891 531 3938 extra
548 3881 665 3939 eeclesi—
703 3893 774 3939 tunc
793 3885 931 3960 temporis
948 3896 1031 3964 gestu
1048 3895 1126 3950 sunt,
1140 3903 1202 3942 me-

164 3963 307 4039 smpositi
319 3961 448 4040 proferre
460 3982 591 4037 unquam
604 3965 667 4021 nusi
705 3964 761 4021 lius
782 3966 922 4023 memoris
940 3978 1037 4033 teneo,
1053 3985 1141 4041 quum
1154 3965 1205 4022 illa

166 4055 243 4102 sunt.
261 4045 333 4102 Haee
342 4044 487 4122 dogmata,
496 4044 528 4101 hi
539 4044 665 4120 quiante
706 4064 771 4121 quae
783 4066 878 4124 nuper
887 4048 1064 4105 acciderunt.
1087 4046 1204 4122 Quippe

165 4143 220 4183 nos
238 4125 336 4184 vixere
359 4125 530 4202 presbyteri,
551 4127 601 4201 qui
624 4138 666 4184 et·
706 4145 742 4185 en
761 4146 825 4203 quae
844 4129 928 4205 pueri
941 4129 1102 4194 didicimus,
1116 4127 1204 4185 simul

165 4205 225 4263 ium
239 4207 436 4283 apostulorum
448 4206 581 4282 discipuli
594 4209 664 4266 exti-
705 4229 772 4268 cum
786 4209 884 4267 animo
897 4210 960 4287 ipso
974 4209 1150 4275 coalescunt,
1162 4209 1202 4268 ei-
