<?xml version="1.0" encoding="UTF-8"?>
<!DOCTYPE html PUBLIC "-//W3C//DTD XHTML 1.0 Transitional//EN"
    "http://www.w3.org/TR/xhtml1/DTD/xhtml1-transitional.dtd">
<html xmlns="http://www.w3.org/1999/xhtml" xml:lang="en" lang="en">
 <head>
  <title>
</title>
<meta http-equiv="Content-Type" content="text/html;charset=utf-8" />
  <meta name='ocr-system' content='tesseract 3.04.00' />
  <meta name='ocr-capabilities' content='ocr_page ocr_carea ocr_par ocr_line ocrx_word'/>
</head>
<body>
  <div class='ocr_page' id='page_1' title='image "./scriptorumeccle00unkngoog_0102.png"; bbox 0 0 2678 4830; ppageno 0'>
   <div class='ocr_carea' id='block_1_1' title="bbox 225 322 1169 389">
    <p class='ocr_par' dir='ltr' id='par_1_1' title="bbox 225 322 1169 389">
     <span class='ocr_line' id='line_1_1' title="bbox 225 322 1169 389; baseline 0.004 -4"><span class='ocrx_word' id='word_1_1' title='bbox 225 323 276 385; x_wconf 92' lang='lat' dir='ltr'><em>IN</em></span> <span class='ocrx_word' id='word_1_2' title='bbox 299 324 332 386; x_wconf 90' lang='lat' dir='ltr'><em>S.</em></span> <span class='ocrx_word' id='word_1_3' title='bbox 351 322 620 388; x_wconf 90' lang='lat' dir='ltr'>HIPPOLYTI</span> <span class='ocrx_word' id='word_1_4' title='bbox 642 324 839 387; x_wconf 85' lang='lat' dir='ltr'><strong>CONTRA</strong></span> <span class='ocrx_word' id='word_1_5' title='bbox 856 325 1072 389; x_wconf 88' lang='lat' dir='ltr'><strong>NOETUM.</strong></span> <span class='ocrx_word' id='word_1_6' title='bbox 1126 329 1169 389; x_wconf 80' lang='grc'><em>83</em></span> 
     </span>
    </p>
   </div>
   <div class='ocr_carea' id='block_1_2' title="bbox 112 491 1178 4399">
    <p class='ocr_par' dir='ltr' id='par_1_2' title="bbox 112 491 1170 2118">
     <span class='ocr_line' id='line_1_2' title="bbox 127 491 1166 591; baseline 0.003 -35"><span class='ocrx_word' id='word_1_7' title='bbox 127 494 175 556; x_wconf 85' lang='lat' dir='ltr'><em>Ut</em></span> <span class='ocrx_word' id='word_1_8' title='bbox 188 491 324 578; x_wconf 89' lang='lat' dir='ltr'><em>primum</em></span> <span class='ocrx_word' id='word_1_9' title='bbox 340 495 431 557; x_wconf 90' lang='lat' dir='ltr'><em>Deus</em></span> <span class='ocrx_word' id='word_1_10' title='bbox 446 492 546 558; x_wconf 86' lang='lat' dir='ltr'><em>voluit</em></span> <span class='ocrx_word' id='word_1_11' title='bbox 559 515 596 556; x_wconf 89' lang='lat' dir='ltr'><em>ea</em></span> <span class='ocrx_word' id='word_1_12' title='bbox 609 516 766 579; x_wconf 88' lang='lat' dir='ltr'><em>quaecum</em></span> <span class='ocrx_word' id='word_1_13' title='bbox 784 494 909 591; x_wconf 88' lang='lat' dir='ltr'><em>Sophiae</em></span> <span class='ocrx_word' id='word_1_14' title='bbox 924 495 1043 583; x_wconf 75' lang='lat' dir='ltr'><em>ratione</em></span> <span class='ocrx_word' id='word_1_15' title='bbox 1056 512 1089 559; x_wconf 90' lang='lat' dir='ltr'><em>et</em></span> <span class='ocrx_word' id='word_1_16' title='bbox 1103 518 1166 559; x_wconf 89' lang='lat' dir='ltr'><em>ser-</em></span> 
     </span>
     <span class='ocr_line' id='line_1_3' title="bbox 125 577 1168 666; baseline 0.005 -26"><span class='ocrx_word' id='word_1_17' title='bbox 125 599 217 641; x_wconf 86' lang='lat' dir='ltr'><strong>mone</strong></span> <span class='ocrx_word' id='word_1_18' title='bbox 240 577 437 664; x_wconf 82' lang='lat' dir='ltr'><strong>disposuerat</strong></span> <span class='ocrx_word' id='word_1_19' title='bbox 461 578 544 643; x_wconf 88' lang='lat' dir='ltr'><em>intra</em></span> <span class='ocrx_word' id='word_1_20' title='bbox 568 602 602 643; x_wconf 90' lang='lat' dir='ltr'><em>se</em></span> <span class='ocrx_word' id='word_1_21' title='bbox 625 593 657 643; x_wconf 89' lang='lat' dir='ltr'><em>et</em></span> <span class='ocrx_word' id='word_1_22' title='bbox 685 580 873 643; x_wconf 81' lang='lat' dir='ltr'><em>substantias</em></span> <span class='ocrx_word' id='word_1_23' title='bbox 898 592 930 643; x_wconf 90' lang='lat' dir='ltr'><em>et</em></span> <span class='ocrx_word' id='word_1_24' title='bbox 955 581 1071 666; x_wconf 89' lang='lat' dir='ltr'><em>species</em></span> <span class='ocrx_word' id='word_1_25' title='bbox 1095 604 1168 645; x_wconf 88' lang='lat' dir='ltr'><em>suas</em></span> 
     </span>
     <span class='ocr_line' id='line_1_4' title="bbox 125 662 1168 751; baseline 0.004 -25"><span class='ocrx_word' id='word_1_26' title='bbox 125 662 226 741; x_wconf 88' lang='lat' dir='ltr'><em>edere,</em></span> <span class='ocrx_word' id='word_1_27' title='bbox 250 663 353 749; x_wconf 90' lang='lat' dir='ltr'><em>ipsum</em></span> <span class='ocrx_word' id='word_1_28' title='bbox 375 664 514 751; x_wconf 83' lang='lat' dir='ltr'><em>primum</em></span> <span class='ocrx_word' id='word_1_29' title='bbox 534 664 666 751; x_wconf 91' lang='lat' dir='ltr'><em>protulit</em></span> <span class='ocrx_word' id='word_1_30' title='bbox 687 687 871 741; x_wconf 90' lang='lat' dir='ltr'><em>sermonem,</em></span> <span class='ocrx_word' id='word_1_31' title='bbox 893 665 1058 730; x_wconf 81' lang='lat' dir='ltr'>habentem</span> <span class='ocrx_word' id='word_1_32' title='bbox 1080 666 1112 729; x_wconf 94' lang='lat' dir='ltr'><em>in</em></span> <span class='ocrx_word' id='word_1_33' title='bbox 1135 690 1168 730; x_wconf 91' lang='lat' dir='ltr'><em>se</em></span> 
     </span>
     <span class='ocr_line' id='line_1_5' title="bbox 125 747 1168 837; baseline 0.004 -26"><span class='ocrx_word' id='word_1_34' title='bbox 125 747 303 813; x_wconf 87' lang='lat' dir='ltr'><em>individuas</em></span> <span class='ocrx_word' id='word_1_35' title='bbox 325 772 396 813; x_wconf 82' lang='lat' dir='ltr'><em>suas</em></span> <span class='ocrx_word' id='word_1_36' title='bbox 417 749 551 814; x_wconf 87' lang='lat' dir='ltr'><em>rationes</em></span> <span class='ocrx_word' id='word_1_37' title='bbox 565 765 597 814; x_wconf 85' lang='lat' dir='ltr'><em>et</em></span> <span class='ocrx_word' id='word_1_38' title='bbox 620 750 781 837; x_wconf 82' lang='lat' dir='ltr'>Sophiam,</span> <span class='ocrx_word' id='word_1_39' title='bbox 797 765 834 814; x_wconf 89' lang='lat' dir='ltr'><em>ut</em></span> <span class='ocrx_word' id='word_1_40' title='bbox 855 751 1034 837; x_wconf 87' lang='lat' dir='ltr'><em>peripsum</em></span> <span class='ocrx_word' id='word_1_41' title='bbox 1057 753 1168 816; x_wconf 88' lang='lat' dir='ltr'><em>fierent</em></span> 
     </span>
     <span class='ocr_line' id='line_1_6' title="bbox 126 835 1168 922; baseline 0.005 -26"><span class='ocrx_word' id='word_1_42' title='bbox 126 835 281 912; x_wconf 85' lang='lat' dir='ltr'><em>universa,</em></span> <span class='ocrx_word' id='word_1_43' title='bbox 296 858 353 922; x_wconf 94' lang='lat' dir='ltr'><em>per</em></span> <span class='ocrx_word' id='word_1_44' title='bbox 374 858 468 921; x_wconf 90' lang='lat' dir='ltr'><em>quem</em></span> <span class='ocrx_word' id='word_1_45' title='bbox 491 850 579 899; x_wconf 87' lang='lat' dir='ltr'><em>erant</em></span> <span class='ocrx_word' id='word_1_46' title='bbox 599 836 734 921; x_wconf 89' lang='lat' dir='ltr'><em>cogitata</em></span> <span class='ocrx_word' id='word_1_47' title='bbox 756 850 851 922; x_wconf 87' lang='lat' dir='ltr'><em>atque</em></span> <span class='ocrx_word' id='word_1_48' title='bbox 872 835 1031 922; x_wconf 90' lang='lat' dir='ltr'><em>disposita,</em></span> <span class='ocrx_word' id='word_1_49' title='bbox 1050 837 1114 901; x_wconf 90' lang='lat' dir='ltr'><em>imo</em></span> <span class='ocrx_word' id='word_1_50' title='bbox 1135 852 1168 901; x_wconf 89' lang='lat' dir='ltr'><em>et</em></span> 
     </span>
     <span class='ocr_line' id='line_1_7' title="bbox 125 920 1165 1009; baseline 0.003 -25"><span class='ocrx_word' id='word_1_51' title='bbox 125 920 208 984; x_wconf 85' lang='lat' dir='ltr'><em>lacta</em></span> <span class='ocrx_word' id='word_1_52' title='bbox 238 920 317 1006; x_wconf 91' lang='lat' dir='ltr'><em>jam,</em></span> <span class='ocrx_word' id='word_1_53' title='bbox 349 935 504 1007; x_wconf 91' lang='lat' dir='ltr'><em>quantum</em></span> <span class='ocrx_word' id='word_1_54' title='bbox 533 921 565 984; x_wconf 93' lang='lat' dir='ltr'><em>in</em></span> <span class='ocrx_word' id='word_1_55' title='bbox 595 921 657 984; x_wconf 90' lang='lat' dir='ltr'><em>Dei</em></span> <span class='ocrx_word' id='word_1_56' title='bbox 688 945 789 985; x_wconf 87' lang='lat' dir='ltr'><em>sensu.</em></span> <span class='ocrx_word' id='word_1_57' title='bbox 829 924 1006 1009; x_wconf 81' lang='lat' dir='ltr'><em>Gregorius</em></span> <span class='ocrx_word' id='word_1_58' title='bbox 1031 924 1075 985; x_wconf 84' lang='lat' dir='ltr'><em>M</em></span> <span class='ocrx_word' id='word_1_59' title='bbox 1076 968 1082 982; x_wconf 90' lang='lat'><strong>.</strong></span> <span class='ocrx_word' id='word_1_60' title='bbox 1111 922 1165 988; x_wconf 87' lang='lat' dir='ltr'><em>lib.</em></span> 
     </span>
     <span class='ocr_line' id='line_1_8' title="bbox 127 1006 1168 1094; baseline 0.004 -26"><span class='ocrx_word' id='word_1_61' title='bbox 127 1006 294 1069; x_wconf 88' lang='lat' dir='ltr'><strong>XXXII.</strong></span> <span class='ocrx_word' id='word_1_62' title='bbox 309 1007 428 1071; x_wconf 78' lang='lat' dir='ltr'><em>Morol.</em></span> <span class='ocrx_word' id='word_1_63' title='bbox 443 1008 480 1068; x_wconf 82' lang='lat' dir='ltr'><em>in</em></span> <span class='ocrx_word' id='word_1_64' title='bbox 494 1009 609 1071; x_wconf 78' lang='lat' dir='ltr'><em>Jobnm</em></span> <span class='ocrx_word' id='word_1_65' title='bbox 623 1031 650 1071; x_wconf 90' lang='lat' dir='ltr'><em>c.</em></span> <span class='ocrx_word' id='word_1_66' title='bbox 663 1010 693 1071; x_wconf 91' lang='lat'><em>6.</em></span> <span class='ocrx_word' id='word_1_67' title='bbox 717 1007 817 1072; x_wconf 88' lang='lat' dir='ltr'><em>Filius</em></span> <span class='ocrx_word' id='word_1_68' title='bbox 834 1008 901 1094; x_wconf 91' lang='lat' dir='ltr'><em>ipse</em></span> <span class='ocrx_word' id='word_1_69' title='bbox 916 1031 988 1084; x_wconf 88' lang='lat' dir='ltr'><em>vox,</em></span> <span class='ocrx_word' id='word_1_70' title='bbox 1028 1007 1080 1070; x_wconf 90' lang='lat' dir='ltr'><em>uia</em></span> <span class='ocrx_word' id='word_1_71' title='bbox 1094 1032 1168 1072; x_wconf 91' lang='lat' dir='ltr'><em>eum</em></span> 
     </span>
     <span class='ocr_line' id='line_1_9' title="bbox 126 1031 1168 1179; baseline 0.002 -24"><span class='ocrx_word' id='word_1_72' title='bbox 126 1092 223 1155; x_wconf 87' lang='lat' dir='ltr'><em>Pater</em></span> <span class='ocrx_word' id='word_1_73' title='bbox 240 1090 401 1176; x_wconf 87' lang='lat' dir='ltr'><em>gignendo</em></span> <span class='ocrx_word' id='word_1_74' title='bbox 420 1091 501 1156; x_wconf 88' lang='lat' dir='ltr'>dixit</span> <span class='ocrx_word' id='word_1_75' title='bbox 512 1087 526 1156; x_wconf 69' lang='grc' dir='ltr'><em>τ’</em></span> <span class='ocrx_word' id='word_1_76' title='bbox 544 1091 644 1156; x_wconf 88' lang='lat' dir='ltr'><em>Filius</em></span> <span class='ocrx_word' id='word_1_77' title='bbox 663 1115 752 1156; x_wconf 91' lang='lat' dir='ltr'><em>meus</em></span> <span class='ocrx_word' id='word_1_78' title='bbox 769 1117 802 1156; x_wconf 91' lang='lat' dir='ltr'><em>es</em></span> <span class='ocrx_word' id='word_1_79' title='bbox 823 1108 870 1171; x_wconf 90' lang='lat' dir='ltr'><em>tu,</em></span> <span class='ocrx_word' id='word_1_80' title='bbox 891 1115 951 1178; x_wconf 87' lang='lat' dir='ltr'><em>ego</em></span> <span class='ocrx_word' id='word_1_81' title='bbox 964 1031 1058 1156; x_wconf 83' lang='lat' dir='ltr'><em>hodie</em></span> <span class='ocrx_word' id='word_1_82' title='bbox 1071 1094 1168 1179; x_wconf 87' lang='lat' dir='ltr'><em>genui</em></span> 
     </span>
     <span class='ocr_line' id='line_1_10' title="bbox 126 1178 1168 1265; baseline 0.003 -26"><span class='ocrx_word' id='word_1_83' title='bbox 126 1188 166 1240; x_wconf 86' lang='lat' dir='ltr'><em>te.</em></span> <span class='ocrx_word' id='word_1_84' title='bbox 207 1178 298 1251; x_wconf 81' lang='lat' dir='ltr'><em>Quod</em></span> <span class='ocrx_word' id='word_1_85' title='bbox 320 1200 394 1242; x_wconf 85' lang='lat' dir='ltr'><em>vero</em></span> <span class='ocrx_word' id='word_1_86' title='bbox 416 1178 615 1264; x_wconf 69' lang='lat' dir='ltr'><em>Hippolytus</em></span> <span class='ocrx_word' id='word_1_87' title='bbox 639 1179 729 1242; x_wconf 84' lang='lat' dir='ltr'><em>addit</em></span> <span class='ocrx_word' id='word_1_88' title='bbox 756 1181 885 1242; x_wconf 80' lang='lat' dir='ltr'><em>Verbum</em></span> <span class='ocrx_word' id='word_1_89' title='bbox 911 1199 951 1241; x_wconf 78' lang='lat' dir='ltr'><em>en</em></span> <span class='ocrx_word' id='word_1_90' title='bbox 971 1181 1168 1265; x_wconf 75' lang='lat' dir='ltr'><em>inspectabili</em></span> 
     </span>
     <span class='ocr_line' id='line_1_11' title="bbox 112 1261 1169 1351; baseline 0.004 -27"><span class='ocrx_word' id='word_1_91' title='bbox 112 1261 243 1345; x_wconf 74' lang='lat' dir='ltr'><em>fictum</em></span> <span class='ocrx_word' id='word_1_92' title='bbox 265 1284 331 1327; x_wconf 87' lang='lat' dir='ltr'><em>esse</em></span> <span class='ocrx_word' id='word_1_93' title='bbox 349 1264 545 1350; x_wconf 66' lang='lat' dir='ltr'><em>aspectabile,</em></span> <span class='ocrx_word' id='word_1_94' title='bbox 567 1265 610 1326; x_wconf 85' lang='lat' dir='ltr'><em>ed</em></span> <span class='ocrx_word' id='word_1_95' title='bbox 633 1265 846 1328; x_wconf 78' lang='lat' dir='ltr'><em>OEcorrorniam</em></span> <span class='ocrx_word' id='word_1_96' title='bbox 866 1265 1014 1351; x_wconf 73' lang='lat' dir='ltr'><em>pertinet,</em></span> <span class='ocrx_word' id='word_1_97' title='bbox 1035 1287 1110 1326; x_wconf 81' lang='lat' dir='ltr'><em>oum</em></span> <span class='ocrx_word' id='word_1_98' title='bbox 1132 1274 1169 1328; x_wconf 85' lang='lat' dir='ltr'><em>ut</em></span> 
     </span>
     <span class='ocr_line' id='line_1_12' title="bbox 126 1347 1168 1436; baseline 0.003 -27"><span class='ocrx_word' id='word_1_99' title='bbox 126 1347 317 1412; x_wconf 75' lang='lat' dir='ltr'><em>Pleaebadtus</em></span> <span class='ocrx_word' id='word_1_100' title='bbox 331 1350 411 1412; x_wconf 77' lang='lat' dir='ltr'><em>libro</em></span> <span class='ocrx_word' id='word_1_101' title='bbox 424 1358 535 1412; x_wconf 64' lang='lat' dir='ltr'><em>couno</em></span> <span class='ocrx_word' id='word_1_102' title='bbox 549 1349 690 1413; x_wconf 75' lang='lat' dir='ltr'><em>Arianos</em></span> <span class='ocrx_word' id='word_1_103' title='bbox 705 1374 732 1414; x_wconf 93' lang='lat' dir='ltr'><em>c.</em></span> <span class='ocrx_word' id='word_1_104' title='bbox 744 1369 798 1436; x_wconf 79' lang='lat'><em>34.</em></span> <span class='ocrx_word' id='word_1_105' title='bbox 820 1373 876 1413; x_wconf 86' lang='lat' dir='ltr'><em>nec</em></span> <span class='ocrx_word' id='word_1_106' title='bbox 897 1350 1014 1413; x_wconf 87' lang='lat' dir='ltr'><em>Filium</em></span> <span class='ocrx_word' id='word_1_107' title='bbox 1035 1371 1168 1434; x_wconf 80' lang='lat' dir='ltr'>usquam</span> 
     </span>
     <span class='ocr_line' id='line_1_13' title="bbox 126 1431 1169 1520; baseline 0.003 -26"><span class='ocrx_word' id='word_1_108' title='bbox 126 1431 302 1506; x_wconf 83' lang='lat' dir='ltr'>invenimus</span> <span class='ocrx_word' id='word_1_109' title='bbox 322 1433 387 1498; x_wconf 88' lang='lat' dir='ltr'><em>sine</em></span> <span class='ocrx_word' id='word_1_110' title='bbox 408 1434 680 1520; x_wconf 86' lang='lat' dir='ltr'><em>transfiguratione</em></span> <span class='ocrx_word' id='word_1_111' title='bbox 700 1437 796 1499; x_wconf 85' lang='lat' dir='ltr'><em>fuisse</em></span> <span class='ocrx_word' id='word_1_112' title='bbox 817 1434 979 1511; x_wconf 83' lang='lat' dir='ltr'><em>visibilem,</em></span> <span class='ocrx_word' id='word_1_113' title='bbox 1000 1448 1169 1519; x_wconf 88' lang='lat' dir='ltr'><em>antequam</em></span> 
     </span>
     <span class='ocr_line' id='line_1_14' title="bbox 128 1517 1169 1607; baseline 0.004 -27"><span class='ocrx_word' id='word_1_114' title='bbox 128 1517 376 1583; x_wconf 87' lang='lat' dir='ltr'><em>Patriobediens</em></span> <span class='ocrx_word' id='word_1_115' title='bbox 388 1521 477 1583; x_wconf 88' lang='lat' dir='ltr'><em>fieret</em></span> <span class='ocrx_word' id='word_1_116' title='bbox 496 1542 535 1582; x_wconf 87' lang='lat' dir='ltr'><em>ex</em></span> <span class='ocrx_word' id='word_1_117' title='bbox 554 1520 726 1585; x_wconf 79' lang='lat' dir='ltr'><em>aeternitate</em></span> <span class='ocrx_word' id='word_1_118' title='bbox 740 1543 916 1607; x_wconf 86' lang='lat' dir='ltr'><em>corporeus.</em></span> <span class='ocrx_word' id='word_1_119' title='bbox 941 1521 1049 1583; x_wconf 78' lang='lat' dir='ltr'><em>Faus.</em></span> <span class='ocrx_word' id='word_1_120' title='bbox 1096 1522 1169 1584; x_wconf 85' lang='lat' dir='ltr'><em>Hoc</em></span> 
     </span>
     <span class='ocr_line' id='line_1_15' title="bbox 127 1603 1170 1692; baseline 0.001 -26"><span class='ocrx_word' id='word_1_121' title='bbox 127 1603 252 1688; x_wconf 90' lang='lat' dir='ltr'><em>quidem</em></span> <span class='ocrx_word' id='word_1_122' title='bbox 264 1617 400 1668; x_wconf 76' lang='lat' dir='ltr'><em>statuere</em></span> <span class='ocrx_word' id='word_1_123' title='bbox 411 1603 536 1669; x_wconf 91' lang='lat' dir='ltr'><em>videtur</em></span> <span class='ocrx_word' id='word_1_124' title='bbox 548 1605 756 1692; x_wconf 81' lang='lat' dir='ltr'><em>Hippolytus,</em></span> <span class='ocrx_word' id='word_1_125' title='bbox 768 1606 821 1670; x_wconf 83' lang='grc' dir='ltr'><em>τὸν</em></span> <span class='ocrx_word' id='word_1_126' title='bbox 831 1608 944 1688; x_wconf 87' lang='grc' dir='ltr'>Λόγον,</span> <span class='ocrx_word' id='word_1_127' title='bbox 955 1605 1010 1691; x_wconf 95' lang='lat' dir='ltr'><em>qui</em></span> <span class='ocrx_word' id='word_1_128' title='bbox 1022 1627 1093 1668; x_wconf 89' lang='lat' dir='ltr'><em>cum</em></span> <span class='ocrx_word' id='word_1_129' title='bbox 1108 1607 1170 1668; x_wconf 88' lang='lat' dir='ltr'><em>Pa-</em></span> 
     </span>
     <span class='ocr_line' id='line_1_16' title="bbox 128 1689 1167 1775; baseline 0 -23"><span class='ocrx_word' id='word_1_130' title='bbox 128 1701 174 1753; x_wconf 86' lang='lat' dir='ltr'><em>tre</em></span> <span class='ocrx_word' id='word_1_131' title='bbox 191 1712 256 1753; x_wconf 92' lang='lat' dir='ltr'><em>sem</em></span> <span class='ocrx_word' id='word_1_132' title='bbox 298 1713 314 1753; x_wconf 92' lang='lat' dir='ltr'><em>r</em></span> <span class='ocrx_word' id='word_1_133' title='bbox 332 1689 495 1768; x_wconf 84' lang='lat' dir='ltr'><em>extitisset,</em></span> <span class='ocrx_word' id='word_1_134' title='bbox 508 1712 589 1755; x_wconf 83' lang='lat' dir='ltr'><em>cum</em></span> <span class='ocrx_word' id='word_1_135' title='bbox 608 1691 745 1754; x_wconf 89' lang='lat' dir='ltr'><em>mundus</em></span> <span class='ocrx_word' id='word_1_136' title='bbox 762 1691 958 1767; x_wconf 79' lang='lat' dir='ltr'><em>conderetur,</em></span> <span class='ocrx_word' id='word_1_137' title='bbox 973 1703 1167 1775; x_wconf 86' lang='lat' dir='ltr'><em>generatum,</em></span> 
     </span>
     <span class='ocr_line' id='line_1_17' title="bbox 128 1773 1169 1863; baseline 0.004 -28"><span class='ocrx_word' id='word_1_138' title='bbox 128 1773 189 1838; x_wconf 89' lang='lat' dir='ltr'><em>sive</em></span> <span class='ocrx_word' id='word_1_139' title='bbox 203 1797 263 1861; x_wconf 92' lang='lat' dir='ltr'><em>pro</em></span> <span class='ocrx_word' id='word_1_140' title='bbox 293 1789 359 1839; x_wconf 91' lang='lat' dir='ltr'><em>tum</em></span> <span class='ocrx_word' id='word_1_141' title='bbox 375 1775 490 1850; x_wconf 79' lang='lat' dir='ltr'><em>fuisse3</em></span> <span class='ocrx_word' id='word_1_142' title='bbox 514 1799 650 1861; x_wconf 88' lang='lat' dir='ltr'><em>cumque</em></span> <span class='ocrx_word' id='word_1_143' title='bbox 670 1776 701 1840; x_wconf 91' lang='lat' dir='ltr'><em>in</em></span> <span class='ocrx_word' id='word_1_144' title='bbox 720 1799 812 1840; x_wconf 88' lang='lat' dir='ltr'><em>carue</em></span> <span class='ocrx_word' id='word_1_145' title='bbox 825 1790 1000 1863; x_wconf 82' lang='lat' dir='ltr'><em>appareret,</em></span> <span class='ocrx_word' id='word_1_146' title='bbox 1016 1774 1169 1839; x_wconf 89' lang='lat' dir='ltr'><em>visibilem</em></span> 
     </span>
     <span class='ocr_line' id='line_1_18' title="bbox 128 1860 1169 1946; baseline 0 -24"><span class='ocrx_word' id='word_1_147' title='bbox 128 1873 203 1925; x_wconf 89' lang='lat' dir='ltr'><em>tunc</em></span> <span class='ocrx_word' id='word_1_148' title='bbox 213 1860 333 1925; x_wconf 81' lang='lat' dir='ltr'><em>lactum</em></span> <span class='ocrx_word' id='word_1_149' title='bbox 348 1884 423 1939; x_wconf 88' lang='lat' dir='ltr'><em>esse,</em></span> <span class='ocrx_word' id='word_1_150' title='bbox 440 1877 475 1925; x_wconf 89' lang='lat' dir='ltr'><em>ut</em></span> <span class='ocrx_word' id='word_1_151' title='bbox 490 1876 613 1925; x_wconf 90' lang='lat' dir='ltr'><em>ostenso</em></span> <span class='ocrx_word' id='word_1_152' title='bbox 627 1875 722 1946; x_wconf 87' lang='lat' dir='ltr'><em>atque</em></span> <span class='ocrx_word' id='word_1_153' title='bbox 737 1861 803 1925; x_wconf 88' lang='lat' dir='ltr'><em>viso</em></span> <span class='ocrx_word' id='word_1_154' title='bbox 821 1885 858 1925; x_wconf 91' lang='lat' dir='ltr'><em>eo</em></span> <span class='ocrx_word' id='word_1_155' title='bbox 876 1860 1014 1923; x_wconf 91' lang='lat' dir='ltr'><em>mundus</em></span> <span class='ocrx_word' id='word_1_156' title='bbox 1031 1882 1169 1923; x_wconf 88' lang='lat' dir='ltr'><em>servare-</em></span> 
     </span>
     <span class='ocr_line' id='line_1_19' title="bbox 128 1945 1168 2035; baseline 0 -26"><span class='ocrx_word' id='word_1_157' title='bbox 128 1957 189 2009; x_wconf 87' lang='lat' dir='ltr'><em>tur.</em></span> <span class='ocrx_word' id='word_1_158' title='bbox 233 1949 345 2031; x_wconf 86' lang='lat' dir='ltr'><em>Atque</em></span> <span class='ocrx_word' id='word_1_159' title='bbox 366 1947 410 2010; x_wconf 90' lang='lat' dir='ltr'><em>ita</em></span> <span class='ocrx_word' id='word_1_160' title='bbox 431 1969 539 2009; x_wconf 88' lang='lat' dir='ltr'><em>revera</em></span> <span class='ocrx_word' id='word_1_161' title='bbox 560 1945 701 2010; x_wconf 85' lang='lat' dir='ltr'><em>docuisse</em></span> <span class='ocrx_word' id='word_1_162' title='bbox 723 1947 947 2035; x_wconf 88' lang='lat' dir='ltr'><em>Hippolytum,</em></span> <span class='ocrx_word' id='word_1_163' title='bbox 970 1947 1096 2009; x_wconf 82' lang='lat' dir='ltr'><em>firmant</em></span> <span class='ocrx_word' id='word_1_164' title='bbox 1121 1967 1168 2022; x_wconf 89' lang='lat' dir='ltr'><em>ea,</em></span> 
     </span>
     <span class='ocr_line' id='line_1_20' title="bbox 128 2031 570 2118; baseline 0 -25"><span class='ocrx_word' id='word_1_165' title='bbox 128 2053 199 2118; x_wconf 89' lang='lat' dir='ltr'><em>quae</em></span> <span class='ocrx_word' id='word_1_166' title='bbox 208 2046 390 2117; x_wconf 89' lang='lat' dir='ltr'><em>sequuntur</em></span> <span class='ocrx_word' id='word_1_167' title='bbox 403 2031 505 2118; x_wconf 88' lang='lat' dir='ltr'><em>capite</em></span> <span class='ocrx_word' id='word_1_168' title='bbox 522 2050 570 2096; x_wconf 78' lang='lat'><em>12.</em></span> 
     </span>
    </p>

    <p class='ocr_par' dir='ltr' id='par_1_3' title="bbox 129 2115 1173 2694">
     <span class='ocr_line' id='line_1_21' title="bbox 170 2115 1172 2202; baseline -0.002 -22"><span class='ocrx_word' id='word_1_169' title='bbox 170 2117 211 2180; x_wconf 92' lang='lat' dir='ltr'><em>P.</em></span> <span class='ocrx_word' id='word_1_170' title='bbox 226 2119 281 2183; x_wconf 75' lang='lat'><em>62.</em></span> <span class='ocrx_word' id='word_1_171' title='bbox 300 2117 323 2181; x_wconf 92' lang='lat' dir='ltr'><em>l.</em></span> <span class='ocrx_word' id='word_1_172' title='bbox 336 2136 368 2197; x_wconf 87' lang='lat'><em>4.</em></span> <span class='ocrx_word' id='word_1_173' title='bbox 392 2124 456 2199; x_wconf 74' lang='grc' dir='ltr'><em>φῶς</em></span> <span class='ocrx_word' id='word_1_174' title='bbox 477 2119 510 2179; x_wconf 77' lang='grc' dir='ltr'><em>ἐκ</em></span> <span class='ocrx_word' id='word_1_175' title='bbox 532 2116 630 2198; x_wconf 82' lang='grc' dir='ltr'>φωτὸς</span> <span class='ocrx_word' id='word_1_176' title='bbox 651 2117 779 2200; x_wconf 82' lang='grc' dir='ltr'>γεννῶν]</span> <span class='ocrx_word' id='word_1_177' title='bbox 799 2116 851 2181; x_wconf 92' lang='lat' dir='ltr'><em>Sic</em></span> <span class='ocrx_word' id='word_1_178' title='bbox 870 2115 965 2180; x_wconf 92' lang='lat' dir='ltr'><em>locuti</em></span> <span class='ocrx_word' id='word_1_179' title='bbox 979 2129 1052 2179; x_wconf 87' lang='lat' dir='ltr'><em>ante</em></span> <span class='ocrx_word' id='word_1_180' title='bbox 1066 2130 1172 2202; x_wconf 90' lang='lat' dir='ltr'><em>patres</em></span> 
     </span>
     <span class='ocr_line' id='line_1_22' title="bbox 129 2200 1170 2288; baseline -0.003 -23"><span class='ocrx_word' id='word_1_181' title='bbox 129 2200 285 2279; x_wconf 81' lang='lat' dir='ltr'><em>Nioaenos,</em></span> <span class='ocrx_word' id='word_1_182' title='bbox 297 2217 413 2288; x_wconf 83' lang='lat' dir='ltr'><em>praeter</em></span> <span class='ocrx_word' id='word_1_183' title='bbox 432 2200 647 2288; x_wconf 90' lang='lat' dir='ltr'><em>Hippolytum</em></span> <span class='ocrx_word' id='word_1_184' title='bbox 665 2216 806 2266; x_wconf 91' lang='lat' dir='ltr'><em>nostrum</em></span> <span class='ocrx_word' id='word_1_185' title='bbox 824 2216 897 2266; x_wconf 93' lang='lat' dir='ltr'><em>sunt</em></span> <span class='ocrx_word' id='word_1_186' title='bbox 914 2201 1060 2266; x_wconf 77' lang='lat' dir='ltr'><em>lustinus</em></span> <span class='ocrx_word' id='word_1_187' title='bbox 1078 2202 1170 2264; x_wconf 90' lang='lat' dir='ltr'><em>Mar·</em></span> 
     </span>
     <span class='ocr_line' id='line_1_23' title="bbox 130 2284 1173 2377; baseline -0.003 -27"><span class='ocrx_word' id='word_1_188' title='bbox 130 2300 190 2377; x_wconf 80' lang='lat' dir='ltr'><em>tyr,</em></span> <span class='ocrx_word' id='word_1_189' title='bbox 202 2287 358 2352; x_wconf 88' lang='lat' dir='ltr'><em>Tatianus</em></span> <span class='ocrx_word' id='word_1_190' title='bbox 372 2303 404 2352; x_wconf 87' lang='lat' dir='ltr'><em>et</em></span> <span class='ocrx_word' id='word_1_191' title='bbox 415 2289 646 2374; x_wconf 85' lang='lat' dir='ltr'><em>Athenagoras,</em></span> <span class='ocrx_word' id='word_1_192' title='bbox 660 2300 695 2351; x_wconf 93' lang='lat' dir='ltr'><em>ut</em></span> <span class='ocrx_word' id='word_1_193' title='bbox 710 2302 851 2351; x_wconf 87' lang='lat' dir='ltr'><em>notatum</em></span> <span class='ocrx_word' id='word_1_194' title='bbox 863 2286 1040 2350; x_wconf 91' lang='lat' dir='ltr'><em>doctissimo</em></span> <span class='ocrx_word' id='word_1_195' title='bbox 1052 2284 1173 2348; x_wconf 87' lang='lat' dir='ltr'><em>Grabio</em></span> 
     </span>
     <span class='ocr_line' id='line_1_24' title="bbox 129 2369 1173 2458; baseline -0.001 -23"><span class='ocrx_word' id='word_1_196' title='bbox 129 2371 167 2436; x_wconf 90' lang='lat' dir='ltr'><em>ad</em></span> <span class='ocrx_word' id='word_1_197' title='bbox 183 2373 341 2438; x_wconf 78' lang='lat' dir='ltr'><em>Ireuaeum</em></span> <span class='ocrx_word' id='word_1_198' title='bbox 356 2373 410 2438; x_wconf 92' lang='lat' dir='ltr'><em>lib.</em></span> <span class='ocrx_word' id='word_1_199' title='bbox 425 2375 476 2438; x_wconf 90' lang='lat'><em>11.</em></span> <span class='ocrx_word' id='word_1_200' title='bbox 491 2397 519 2437; x_wconf 89' lang='lat' dir='ltr'><em>c.</em></span> <span class='ocrx_word' id='word_1_201' title='bbox 532 2392 582 2458; x_wconf 84' lang='lat'><em>23.</em></span> <span class='ocrx_word' id='word_1_202' title='bbox 606 2374 715 2438; x_wconf 69' lang='lat' dir='ltr'><em>Fusa.</em></span> <span class='ocrx_word' id='word_1_203' title='bbox 755 2373 861 2458; x_wconf 91' lang='lat' dir='ltr'><em>Loqui</em></span> <span class='ocrx_word' id='word_1_204' title='bbox 877 2370 1074 2458; x_wconf 90' lang='lat' dir='ltr'><em>Hippolytus</em></span> <span class='ocrx_word' id='word_1_205' title='bbox 1086 2369 1173 2434; x_wconf 86' lang='lat' dir='ltr'><em>vide·</em></span> 
     </span>
     <span class='ocr_line' id='line_1_25' title="bbox 130 2455 1171 2545; baseline -0.005 -23"><span class='ocrx_word' id='word_1_206' title='bbox 130 2470 180 2522; x_wconf 90' lang='lat' dir='ltr'><em>tur</em></span> <span class='ocrx_word' id='word_1_207' title='bbox 193 2457 235 2524; x_wconf 89' lang='lat' dir='ltr'><em>de</em></span> <span class='ocrx_word' id='word_1_208' title='bbox 248 2474 397 2545; x_wconf 88' lang='lat' dir='ltr'><em>generato</em></span> <span class='ocrx_word' id='word_1_209' title='bbox 415 2458 453 2523; x_wconf 91' lang='lat' dir='ltr'><em>iis</em></span> <span class='ocrx_word' id='word_1_210' title='bbox 472 2457 666 2545; x_wconf 88' lang='lat' dir='ltr'><em>temporibus</em></span> <span class='ocrx_word' id='word_1_211' title='bbox 686 2460 778 2543; x_wconf 85' lang='lat' dir='ltr'><em>Logo</em></span> <span class='ocrx_word' id='word_1_212' title='bbox 793 2458 921 2534; x_wconf 92' lang='lat' dir='ltr'><em>Divino,</em></span> <span class='ocrx_word' id='word_1_213' title='bbox 937 2455 1065 2542; x_wconf 88' lang='lat' dir='ltr'><em>quando</em></span> <span class='ocrx_word' id='word_1_214' title='bbox 1079 2477 1171 2518; x_wconf 90' lang='lat' dir='ltr'><em>mun.</em></span> 
     </span>
     <span class='ocr_line' id='line_1_26' title="bbox 129 2541 1171 2629; baseline -0.002 -23"><span class='ocrx_word' id='word_1_215' title='bbox 129 2543 189 2608; x_wconf 88' lang='lat' dir='ltr'><em>dus</em></span> <span class='ocrx_word' id='word_1_216' title='bbox 201 2558 336 2623; x_wconf 85' lang='lat' dir='ltr'><em>ereatus,</em></span> <span class='ocrx_word' id='word_1_217' title='bbox 351 2569 387 2609; x_wconf 88' lang='lat' dir='ltr'><em>ac</em></span> <span class='ocrx_word' id='word_1_218' title='bbox 459 2558 509 2610; x_wconf 91' lang='lat' dir='ltr'><em>tea</em></span> <span class='ocrx_word' id='word_1_219' title='bbox 523 2559 664 2608; x_wconf 86' lang='lat' dir='ltr'><em>servatus</em></span> <span class='ocrx_word' id='word_1_220' title='bbox 678 2559 735 2620; x_wconf 90' lang='lat' dir='ltr'><em>est,</em></span> <span class='ocrx_word' id='word_1_221' title='bbox 749 2566 822 2606; x_wconf 90' lang='lat' dir='ltr'><em>cum</em></span> <span class='ocrx_word' id='word_1_222' title='bbox 840 2542 928 2629; x_wconf 87' lang='lat' dir='ltr'><em>prius</em></span> <span class='ocrx_word' id='word_1_223' title='bbox 946 2541 1034 2605; x_wconf 89' lang='lat' dir='ltr'><em>Patri</em></span> <span class='ocrx_word' id='word_1_224' title='bbox 1048 2553 1171 2604; x_wconf 88' lang='lat' dir='ltr'><em>tantum</em></span> 
     </span>
     <span class='ocr_line' id='line_1_27' title="bbox 131 2629 512 2694; baseline 0.005 -2"><span class='ocrx_word' id='word_1_225' title='bbox 131 2629 159 2692; x_wconf 95' lang='lat' dir='ltr'>L</span> <span class='ocrx_word' id='word_1_226' title='bbox 222 2629 378 2694; x_wconf 85' lang='lat' dir='ltr'><em>svisibilis</em></span> <span class='ocrx_word' id='word_1_227' title='bbox 409 2630 512 2694; x_wconf 88' lang='lat' dir='ltr'><em>uisset.</em></span> 
     </span>
    </p>

    <p class='ocr_par' dir='ltr' id='par_1_4' title="bbox 130 2711 1170 2866">
     <span class='ocr_line' id='line_1_28' title="bbox 191 2711 1170 2800; baseline -0.002 -22"><span class='ocrx_word' id='word_1_228' title='bbox 191 2714 258 2779; x_wconf 90' lang='lat' dir='ltr'><em>bid.</em></span> <span class='ocrx_word' id='word_1_229' title='bbox 282 2714 304 2778; x_wconf 89' lang='lat' dir='ltr'><em>l.</em></span> <span class='ocrx_word' id='word_1_230' title='bbox 319 2735 350 2800; x_wconf 88' lang='lat'><em>5.</em></span> <span class='ocrx_word' id='word_1_231' title='bbox 373 2717 426 2780; x_wconf 86' lang='grc' dir='ltr'><em>τὸν</em></span> <span class='ocrx_word' id='word_1_232' title='bbox 451 2720 526 2781; x_wconf 79' lang='grc' dir='ltr'>ἴδιον</span> <span class='ocrx_word' id='word_1_233' title='bbox 549 2717 632 2799; x_wconf 84' lang='grc' dir='ltr'>νοῦν]</span> <span class='ocrx_word' id='word_1_234' title='bbox 660 2712 762 2777; x_wconf 86' lang='lat' dir='ltr'><em>Filius</em></span> <span class='ocrx_word' id='word_1_235' title='bbox 783 2718 860 2787; x_wconf 76' lang='grc' dir='ltr'>νοῦς,</span> <span class='ocrx_word' id='word_1_236' title='bbox 884 2713 980 2794; x_wconf 80' lang='grc' dir='ltr'>σοφία</span> <span class='ocrx_word' id='word_1_237' title='bbox 1001 2711 1116 2790; x_wconf 83' lang='lat' dir='ltr'><em>Patris,</em></span> <span class='ocrx_word' id='word_1_238' title='bbox 1139 2726 1170 2776; x_wconf 91' lang='lat' dir='ltr'><em>et</em></span> 
     </span>
     <span class='ocr_line' id='line_1_29' title="bbox 130 2799 633 2866; baseline 0.002 -4"><span class='ocrx_word' id='word_1_239' title='bbox 130 2799 211 2863; x_wconf 82' lang='lat' dir='ltr'><em>infra</em></span> <span class='ocrx_word' id='word_1_240' title='bbox 223 2824 250 2864; x_wconf 90' lang='lat' dir='ltr'><em>c.</em></span> <span class='ocrx_word' id='word_1_241' title='bbox 262 2800 329 2864; x_wconf 87' lang='lat' dir='ltr'>xiii.</span> <span class='ocrx_word' id='word_1_242' title='bbox 344 2800 499 2866; x_wconf 86' lang='lat' dir='ltr'><em>voluntas.</em></span> <span class='ocrx_word' id='word_1_243' title='bbox 523 2803 633 2865; x_wconf 75' lang='lat' dir='ltr'><em>Faus.</em></span> 
     </span>
    </p>

    <p class='ocr_par' dir='ltr' id='par_1_5' title="bbox 131 2881 1173 3294">
     <span class='ocr_line' id='line_1_30' title="bbox 173 2881 1172 3030; baseline -0.002 -82"><span class='ocrx_word' id='word_1_244' title='bbox 173 2886 258 2950; x_wconf 90' lang='lat' dir='ltr'><em>Ibid.</em></span> <span class='ocrx_word' id='word_1_245' title='bbox 277 2885 298 2950; x_wconf 93' lang='lat' dir='ltr'><em>l.</em></span> <span class='ocrx_word' id='word_1_246' title='bbox 314 2908 347 2971; x_wconf 90' lang='lat'><em>9.</em></span> <span class='ocrx_word' id='word_1_247' title='bbox 370 2888 481 2972; x_wconf 76' lang='grc' dir='ltr'>ἔτερος]</span> <span class='ocrx_word' id='word_1_248' title='bbox 500 2887 627 2952; x_wconf 79' lang='lat' dir='ltr'><em>lustina</em></span> <span class='ocrx_word' id='word_1_249' title='bbox 647 2881 784 3030; x_wconf 75' lang='lat' dir='ltr'><em>Martyri</em></span> <span class='ocrx_word' id='word_1_250' title='bbox 803 2884 931 2968; x_wconf 91' lang='lat' dir='ltr'><em>quando</em></span> <span class='ocrx_word' id='word_1_251' title='bbox 951 2883 1053 2946; x_wconf 90' lang='lat' dir='ltr'><em>Filius</em></span> <span class='ocrx_word' id='word_1_252' title='bbox 1070 2884 1172 2965; x_wconf 78' lang='grc' dir='ltr'>ἕτερόν</span> 
     </span>
     <span class='ocr_line' id='line_1_31' title="bbox 131 2967 1173 3056; baseline -0.003 -23"><span class='ocrx_word' id='word_1_253' title='bbox 131 2996 158 3034; x_wconf 87' lang='grc' dir='ltr'><em>τι</em></span> <span class='ocrx_word' id='word_1_254' title='bbox 182 2994 202 3035; x_wconf 92' lang='lat' dir='ltr'><em>a</em></span> <span class='ocrx_word' id='word_1_255' title='bbox 227 2975 323 3037; x_wconf 89' lang='lat' dir='ltr'><em>Patre</em></span> <span class='ocrx_word' id='word_1_256' title='bbox 345 2995 410 3036; x_wconf 91' lang='lat' dir='ltr'><em>esse</em></span> <span class='ocrx_word' id='word_1_257' title='bbox 432 2972 557 3049; x_wconf 87' lang='lat' dir='ltr'><em>dicitur,</em></span> <span class='ocrx_word' id='word_1_258' title='bbox 580 2986 612 3035; x_wconf 89' lang='lat' dir='ltr'><em>et</em></span> <span class='ocrx_word' id='word_1_259' title='bbox 635 2973 736 3033; x_wconf 89' lang='lat' dir='ltr'><em>Tertu</em></span> <span class='ocrx_word' id='word_1_260' title='bbox 750 2967 832 3032; x_wconf 88' lang='lat' dir='ltr'><em>liano</em></span> <span class='ocrx_word' id='word_1_261' title='bbox 853 2969 980 3056; x_wconf 91' lang='lat' dir='ltr'><em>quando</em></span> <span class='ocrx_word' id='word_1_262' title='bbox 998 2969 1121 3032; x_wconf 83' lang='lat' dir='ltr'><em>Filium</em></span> <span class='ocrx_word' id='word_1_263' title='bbox 1143 2978 1173 3030; x_wconf 90' lang='lat' dir='ltr'><em>et</em></span> 
     </span>
     <span class='ocr_line' id='line_1_32' title="bbox 131 3054 1173 3141; baseline -0.003 -22"><span class='ocrx_word' id='word_1_264' title='bbox 131 3057 262 3122; x_wconf 85' lang='lat' dir='ltr'><em>Putrem</em></span> <span class='ocrx_word' id='word_1_265' title='bbox 279 3079 345 3122; x_wconf 87' lang='lat' dir='ltr'><em>esse</em></span> <span class='ocrx_word' id='word_1_266' title='bbox 361 3059 453 3121; x_wconf 85' lang='lat' dir='ltr'><em>uliud</em></span> <span class='ocrx_word' id='word_1_267' title='bbox 470 3059 510 3121; x_wconf 76' lang='lat' dir='ltr'><em>ul&gt;</em></span> <span class='ocrx_word' id='word_1_268' title='bbox 528 3059 592 3121; x_wconf 86' lang='lat' dir='ltr'><em>ulio</em></span> <span class='ocrx_word' id='word_1_269' title='bbox 612 3055 756 3131; x_wconf 87' lang='lat' dir='ltr'><em>affirmat,</em></span> <span class='ocrx_word' id='word_1_270' title='bbox 771 3055 879 3118; x_wconf 90' lang='lat' dir='ltr'><em>eadem</em></span> <span class='ocrx_word' id='word_1_271' title='bbox 899 3078 971 3141; x_wconf 87' lang='lat' dir='ltr'><em>quae</em></span> <span class='ocrx_word' id='word_1_272' title='bbox 994 3054 1173 3140; x_wconf 90' lang='lat' dir='ltr'><em>Hippolyto</em></span> 
     </span>
     <span class='ocr_line' id='line_1_33' title="bbox 132 3140 1172 3230; baseline -0.007 -23"><span class='ocrx_word' id='word_1_273' title='bbox 132 3164 228 3221; x_wconf 87' lang='lat' dir='ltr'><em>mens,</em></span> <span class='ocrx_word' id='word_1_274' title='bbox 244 3159 281 3208; x_wconf 91' lang='lat' dir='ltr'><em>ut</em></span> <span class='ocrx_word' id='word_1_275' title='bbox 300 3165 502 3230; x_wconf 87' lang='lat' dir='ltr'><em>personarum</em></span> <span class='ocrx_word' id='word_1_276' title='bbox 522 3141 751 3206; x_wconf 89' lang='lat' dir='ltr'><em>distinctionem</em></span> <span class='ocrx_word' id='word_1_277' title='bbox 768 3140 943 3216; x_wconf 88' lang='lat' dir='ltr'><em>ostendant,</em></span> <span class='ocrx_word' id='word_1_278' title='bbox 959 3160 1021 3202; x_wconf 93' lang='lat' dir='ltr'><em>non</em></span> <span class='ocrx_word' id='word_1_279' title='bbox 1036 3152 1084 3214; x_wconf 89' lang='lat' dir='ltr'><em>ut,</em></span> <span class='ocrx_word' id='word_1_280' title='bbox 1101 3143 1172 3216; x_wconf 87' lang='grc' dir='ltr'>ὁμο-</span> 
     </span>
     <span class='ocr_line' id='line_1_34' title="bbox 133 3228 1148 3294; baseline -0.011 -3"><span class='ocrx_word' id='word_1_281' title='bbox 133 3231 235 3294; x_wconf 82' lang='grc' dir='ltr'>οῦσιον</span> <span class='ocrx_word' id='word_1_282' title='bbox 247 3228 433 3292; x_wconf 85' lang='lat' dir='ltr'><em>inficientur.</em></span> <span class='ocrx_word' id='word_1_283' title='bbox 459 3230 566 3292; x_wconf 70' lang='lat' dir='ltr'><em>Fusa.</em></span> <span class='ocrx_word' id='word_1_284' title='bbox 1146 3277 1148 3280; x_wconf 77' lang='grc'>,</span> 
     </span>
    </p>

    <p class='ocr_par' dir='ltr' id='par_1_6' title="bbox 132 3305 1178 4147">
     <span class='ocr_line' id='line_1_35' title="bbox 175 3305 1174 3396; baseline -0.009 -18"><span class='ocrx_word' id='word_1_285' title='bbox 175 3314 261 3379; x_wconf 92' lang='lat' dir='ltr'><em>Ibid.</em></span> <span class='ocrx_word' id='word_1_286' title='bbox 283 3313 373 3380; x_wconf 77' lang='lat' dir='ltr'><strong>l.12.</strong></span> <span class='ocrx_word' id='word_1_287' title='bbox 398 3317 429 3392; x_wconf 74' lang='grc' dir='ltr'><em>ἐξ</em></span> <span class='ocrx_word' id='word_1_288' title='bbox 452 3315 486 3377; x_wconf 86' lang='grc' dir='ltr'><em>οῦ</em></span> <span class='ocrx_word' id='word_1_289' title='bbox 509 3315 628 3392; x_wconf 71' lang='grc' dir='ltr'>δύναμιν</span> <span class='ocrx_word' id='word_1_290' title='bbox 649 3311 760 3393; x_wconf 78' lang='grc' dir='ltr'>Λόγος]</span> <span class='ocrx_word' id='word_1_291' title='bbox 780 3309 831 3373; x_wconf 89' lang='lat' dir='ltr'><em>Sic</em></span> <span class='ocrx_word' id='word_1_292' title='bbox 851 3309 932 3372; x_wconf 92' lang='lat' dir='ltr'><em>idem</em></span> <span class='ocrx_word' id='word_1_293' title='bbox 958 3305 1174 3396; x_wconf 84' lang='lat' dir='ltr'><em>Tertullianus</em></span> 
     </span>
     <span class='ocr_line' id='line_1_36' title="bbox 132 3393 1175 3483; baseline -0.009 -20"><span class='ocrx_word' id='word_1_294' title='bbox 132 3421 160 3463; x_wconf 88' lang='lat' dir='ltr'><em>c.</em></span> <span class='ocrx_word' id='word_1_295' title='bbox 177 3419 206 3483; x_wconf 91' lang='lat'><em>9.</em></span> <span class='ocrx_word' id='word_1_296' title='bbox 229 3399 378 3463; x_wconf 87' lang='lat' dir='ltr'><em>adversus</em></span> <span class='ocrx_word' id='word_1_297' title='bbox 403 3401 556 3462; x_wconf 87' lang='lat' dir='ltr'><em>Praxeam</em></span> <span class='ocrx_word' id='word_1_298' title='bbox 584 3395 677 3460; x_wconf 76' lang='lat' dir='ltr'><em>Noui</em></span> <span class='ocrx_word' id='word_1_299' title='bbox 702 3394 1013 3459; x_wconf 85' lang='lat' dir='ltr'><em>anteambulonem:</em></span> <span class='ocrx_word' id='word_1_300' title='bbox 1039 3393 1175 3455; x_wconf 82' lang='lat' dir='ltr'><em>“Pater</em></span> 
     </span>
     <span class='ocr_line' id='line_1_37' title="bbox 135 3477 1174 3627; baseline -0.008 -78"><span class='ocrx_word' id='word_1_301' title='bbox 135 3493 156 3524; x_wconf 92' lang='lat'>“</span> <span class='ocrx_word' id='word_1_302' title='bbox 171 3498 238 3549; x_wconf 83' lang='lat' dir='ltr'><em>tota</em></span> <span class='ocrx_word' id='word_1_303' title='bbox 256 3485 428 3549; x_wconf 88' lang='lat' dir='ltr'><em>substantia</em></span> <span class='ocrx_word' id='word_1_304' title='bbox 444 3501 502 3561; x_wconf 88' lang='lat' dir='ltr'><em>est,</em></span> <span class='ocrx_word' id='word_1_305' title='bbox 517 3482 618 3547; x_wconf 90' lang='lat' dir='ltr'><em>Filius</em></span> <span class='ocrx_word' id='word_1_306' title='bbox 631 3503 707 3544; x_wconf 88' lang='lat' dir='ltr'><em>vero</em></span> <span class='ocrx_word' id='word_1_307' title='bbox 721 3479 872 3543; x_wconf 88' lang='lat' dir='ltr'><em>derivatio</em></span> <span class='ocrx_word' id='word_1_308' title='bbox 887 3479 982 3544; x_wconf 90' lang='lat' dir='ltr'><em>totius</em></span> <span class='ocrx_word' id='word_1_309' title='bbox 997 3493 1028 3542; x_wconf 87' lang='lat' dir='ltr'><em>et</em></span> <span class='ocrx_word' id='word_1_310' title='bbox 1035 3477 1174 3627; x_wconf 55' lang='lat' dir='ltr'><em>portio?</em></span> 
     </span>
     <span class='ocr_line' id='line_1_38' title="bbox 134 3565 1174 3665; baseline -0.008 -31"><span class='ocrx_word' id='word_1_311' title='bbox 134 3571 180 3634; x_wconf 78' lang='lat' dir='ltr'><em>Et</em></span> <span class='ocrx_word' id='word_1_312' title='bbox 196 3593 226 3634; x_wconf 86' lang='lat' dir='ltr'><em>c.</em></span> <span class='ocrx_word' id='word_1_313' title='bbox 240 3589 271 3643; x_wconf 78' lang='lat'><em>2.</em></span> <span class='ocrx_word' id='word_1_314' title='bbox 287 3570 409 3655; x_wconf 89' lang='lat' dir='ltr'><em>“quasi</em></span> <span class='ocrx_word' id='word_1_315' title='bbox 433 3593 497 3633; x_wconf 92' lang='lat' dir='ltr'><em>non</em></span> <span class='ocrx_word' id='word_1_316' title='bbox 519 3569 561 3632; x_wconf 88' lang='lat' dir='ltr'><em>sic</em></span> <span class='ocrx_word' id='word_1_317' title='bbox 583 3589 711 3665; x_wconf 88' lang='lat' dir='ltr'><em>quoque</em></span> <span class='ocrx_word' id='word_1_318' title='bbox 734 3588 816 3629; x_wconf 90' lang='lat' dir='ltr'><em>unus</em></span> <span class='ocrx_word' id='word_1_319' title='bbox 838 3567 877 3630; x_wconf 89' lang='lat' dir='ltr'><em>sit</em></span> <span class='ocrx_word' id='word_1_320' title='bbox 898 3565 1013 3642; x_wconf 91' lang='lat' dir='ltr'><em>omnia,</em></span> <span class='ocrx_word' id='word_1_321' title='bbox 1059 3587 1112 3627; x_wconf 90' lang='lat' dir='ltr'><em>um</em></span> <span class='ocrx_word' id='word_1_322' title='bbox 1135 3587 1174 3627; x_wconf 87' lang='lat' dir='ltr'><em>ex</em></span> 
     </span>
     <span class='ocr_line' id='line_1_39' title="bbox 135 3650 1174 3742; baseline -0.007 -24"><span class='ocrx_word' id='word_1_323' title='bbox 135 3662 157 3694; x_wconf 92' lang='lat'>“</span> <span class='ocrx_word' id='word_1_324' title='bbox 173 3678 237 3718; x_wconf 93' lang='lat' dir='ltr'><em>uno</em></span> <span class='ocrx_word' id='word_1_325' title='bbox 250 3655 365 3732; x_wconf 86' lang='lat' dir='ltr'><em>omnia,</em></span> <span class='ocrx_word' id='word_1_326' title='bbox 376 3678 433 3742; x_wconf 88' lang='lat' dir='ltr'><em>per</em></span> <span class='ocrx_word' id='word_1_327' title='bbox 448 3656 629 3719; x_wconf 88' lang='lat' dir='ltr'><em>substanuae</em></span> <span class='ocrx_word' id='word_1_328' title='bbox 644 3650 758 3716; x_wconf 91' lang='lat' dir='ltr'><em>scilicet</em></span> <span class='ocrx_word' id='word_1_329' title='bbox 772 3652 952 3716; x_wconf 82' lang='lat' dir='ltr'><em>unitatem.&#39;&#39;</em></span> <span class='ocrx_word' id='word_1_330' title='bbox 976 3653 1022 3714; x_wconf 89' lang='lat' dir='ltr'><em>Et</em></span> <span class='ocrx_word' id='word_1_331' title='bbox 1036 3650 1090 3714; x_wconf 89' lang='lat' dir='ltr'><em>lib.</em></span> <span class='ocrx_word' id='word_1_332' title='bbox 1104 3651 1174 3712; x_wconf 91' lang='lat'><em>111.</em></span> 
     </span>
     <span class='ocr_line' id='line_1_40' title="bbox 135 3735 1175 3822; baseline -0.008 -18"><span class='ocrx_word' id='word_1_333' title='bbox 135 3740 283 3804; x_wconf 84' lang='lat' dir='ltr'><em>adversus</em></span> <span class='ocrx_word' id='word_1_334' title='bbox 303 3740 457 3805; x_wconf 86' lang='lat' dir='ltr'><em>Marcion.</em></span> <span class='ocrx_word' id='word_1_335' title='bbox 473 3765 500 3805; x_wconf 91' lang='lat' dir='ltr'><em>c.</em></span> <span class='ocrx_word' id='word_1_336' title='bbox 514 3742 542 3804; x_wconf 92' lang='lat'><em>6.</em></span> <span class='ocrx_word' id='word_1_337' title='bbox 561 3746 583 3778; x_wconf 92' lang='lat'><strong>“</strong></span> <span class='ocrx_word' id='word_1_338' title='bbox 593 3736 743 3802; x_wconf 88' lang='lat' dir='ltr'><em>concedas</em></span> <span class='ocrx_word' id='word_1_339' title='bbox 762 3760 883 3801; x_wconf 90' lang='lat' dir='ltr'><em>necesse</em></span> <span class='ocrx_word' id='word_1_340' title='bbox 903 3751 950 3800; x_wconf 90' lang='lat' dir='ltr'><em>est</em></span> <span class='ocrx_word' id='word_1_341' title='bbox 966 3759 1019 3799; x_wconf 88' lang='lat' dir='ltr'><em>eos</em></span> <span class='ocrx_word' id='word_1_342' title='bbox 1036 3735 1091 3822; x_wconf 89' lang='lat' dir='ltr'><em>qui</em></span> <span class='ocrx_word' id='word_1_343' title='bbox 1112 3737 1175 3798; x_wconf 90' lang='lat' dir='ltr'><em>Pa-</em></span> 
     </span>
     <span class='ocr_line' id='line_1_41' title="bbox 136 3821 1176 3922; baseline -0.009 -32"><span class='ocrx_word' id='word_1_344' title='bbox 136 3835 248 3890; x_wconf 91' lang='lat' dir='ltr'><em>“trem</em></span> <span class='ocrx_word' id='word_1_345' title='bbox 268 3848 332 3890; x_wconf 91' lang='lat' dir='ltr'><em>non</em></span> <span class='ocrx_word' id='word_1_346' title='bbox 350 3825 545 3913; x_wconf 85' lang='lat' dir='ltr'><em>agnoverint,</em></span> <span class='ocrx_word' id='word_1_347' title='bbox 561 3847 619 3887; x_wconf 89' lang='lat' dir='ltr'><em>nec</em></span> <span class='ocrx_word' id='word_1_348' title='bbox 638 3823 755 3886; x_wconf 89' lang='lat' dir='ltr'><em>Filium</em></span> <span class='ocrx_word' id='word_1_349' title='bbox 776 3845 941 3922; x_wconf 80' lang='lat' dir='ltr'><em>agnoscere</em></span> <span class='ocrx_word' id='word_1_350' title='bbox 955 3821 1103 3908; x_wconf 89' lang='lat' dir='ltr'><em>potuisse,</em></span> <span class='ocrx_word' id='word_1_351' title='bbox 1120 3842 1176 3904; x_wconf 88' lang='lat' dir='ltr'><em>per</em></span> 
     </span>
     <span class='ocr_line' id='line_1_42' title="bbox 137 3902 1173 3998; baseline -0.011 -23"><span class='ocrx_word' id='word_1_352' title='bbox 137 3911 312 3998; x_wconf 87' lang='lat' dir='ltr'><em>“ejusdem</em></span> <span class='ocrx_word' id='word_1_353' title='bbox 328 3911 509 3976; x_wconf 77' lang='lat' dir='ltr'><em>substantiae</em></span> <span class='ocrx_word' id='word_1_354' title='bbox 523 3909 742 3988; x_wconf 91' lang='lat' dir='ltr'><em>conditionem,</em></span> <span class='ocrx_word' id='word_1_355' title='bbox 758 3932 848 3995; x_wconf 77' lang='lat' dir='ltr'><em>cuyus</em></span> <span class='ocrx_word' id='word_1_356' title='bbox 863 3909 888 3971; x_wconf 90' lang='lat' dir='ltr'><em>si</em></span> <span class='ocrx_word' id='word_1_357' title='bbox 903 3906 1066 3993; x_wconf 89' lang='lat' dir='ltr'><em>plenitudo</em></span> <span class='ocrx_word' id='word_1_358' title='bbox 1084 3902 1173 3967; x_wconf 90' lang='lat' dir='ltr'><em>intel·</em></span> 
     </span>
     <span class='ocr_line' id='line_1_43' title="bbox 136 3987 1178 4080; baseline -0.012 -19"><span class='ocrx_word' id='word_1_359' title='bbox 136 3996 252 4061; x_wconf 87' lang='lat' dir='ltr'><em>“lecta</em></span> <span class='ocrx_word' id='word_1_360' title='bbox 270 4019 334 4060; x_wconf 91' lang='lat' dir='ltr'><em>uon</em></span> <span class='ocrx_word' id='word_1_361' title='bbox 353 4011 410 4073; x_wconf 87' lang='lat' dir='ltr'><em>est,</em></span> <span class='ocrx_word' id='word_1_362' title='bbox 425 3996 525 4060; x_wconf 89' lang='lat' dir='ltr'><em>multo</em></span> <span class='ocrx_word' id='word_1_363' title='bbox 545 3994 643 4080; x_wconf 87' lang='lat' dir='ltr'><em>magis</em></span> <span class='ocrx_word' id='word_1_364' title='bbox 657 3994 778 4080; x_wconf 89' lang='lat' dir='ltr'><em>portio;</em></span> <span class='ocrx_word' id='word_1_365' title='bbox 801 4008 961 4079; x_wconf 80' lang='lat' dir='ltr'><em>certeque</em></span> <span class='ocrx_word' id='word_1_366' title='bbox 976 3987 1178 4078; x_wconf 89' lang='lat' dir='ltr'><em>plenitudinis</em></span> 
     </span>
     <span class='ocr_line' id='line_1_44' title="bbox 137 4083 458 4147; baseline -0.003 -1"><span class='ocrx_word' id='word_1_367' title='bbox 137 4091 158 4123; x_wconf 90' lang='lat'><strong>“</strong></span> <span class='ocrx_word' id='word_1_368' title='bbox 172 4083 327 4147; x_wconf 80' lang='lat' dir='ltr'><em>consors.&#39;&#39;</em></span> <span class='ocrx_word' id='word_1_369' title='bbox 348 4083 458 4146; x_wconf 78' lang='lat' dir='ltr'><em>Fanu.</em></span> 
     </span>
    </p>

    <p class='ocr_par' dir='ltr' id='par_1_7' title="bbox 137 4159 1177 4341">
     <span class='ocr_line' id='line_1_45' title="bbox 179 4159 1177 4248; baseline -0.013 -14"><span class='ocrx_word' id='word_1_370' title='bbox 179 4168 263 4234; x_wconf 88' lang='lat' dir='ltr'><em>Ibid.</em></span> <span class='ocrx_word' id='word_1_371' title='bbox 279 4168 302 4231; x_wconf 92' lang='lat' dir='ltr'><em>l.</em></span> <span class='ocrx_word' id='word_1_372' title='bbox 322 4181 383 4248; x_wconf 85' lang='lat'><strong>14.‘</strong></span> <span class='ocrx_word' id='word_1_373' title='bbox 393 4174 470 4234; x_wconf 84' lang='grc' dir='ltr'>Παῖς</span> <span class='ocrx_word' id='word_1_374' title='bbox 484 4169 501 4229; x_wconf 82' lang='grc' dir='ltr'><strong>ὁ</strong></span> <span class='ocrx_word' id='word_1_375' title='bbox 517 4167 611 4248; x_wconf 83' lang='grc' dir='ltr'>Θεοῦ]</span> <span class='ocrx_word' id='word_1_376' title='bbox 625 4163 664 4229; x_wconf 87' lang='grc' dir='ltr'>Ὁ</span> <span class='ocrx_word' id='word_1_377' title='bbox 678 4171 747 4230; x_wconf 82' lang='grc' dir='ltr'>παῖς</span> <span class='ocrx_word' id='word_1_378' title='bbox 760 4170 812 4228; x_wconf 84' lang='grc' dir='ltr'><em>τοῦ</em></span> <span class='ocrx_word' id='word_1_379' title='bbox 827 4169 920 4242; x_wconf 89' lang='grc' dir='ltr'>Θεοῦ,</span> <span class='ocrx_word' id='word_1_380' title='bbox 936 4161 997 4226; x_wconf 88' lang='lat' dir='ltr'><em>Dei</em></span> <span class='ocrx_word' id='word_1_381' title='bbox 1012 4159 1124 4236; x_wconf 81' lang='lat' dir='ltr'><em>Filius,</em></span> <span class='ocrx_word' id='word_1_382' title='bbox 1141 4171 1177 4221; x_wconf 90' lang='lat' dir='ltr'><em>ut</em></span> 
     </span>
     <span class='ocr_line' id='line_1_46' title="bbox 137 4253 564 4341; baseline -0.014 -22"><span class='ocrx_word' id='word_1_383' title='bbox 137 4277 231 4341; x_wconf 87' lang='lat' dir='ltr'><em>supra</em></span> <span class='ocrx_word' id='word_1_384' title='bbox 244 4277 271 4318; x_wconf 91' lang='lat' dir='ltr'><em>c.</em></span> <span class='ocrx_word' id='word_1_385' title='bbox 287 4277 317 4317; x_wconf 90' lang='lat' dir='ltr'><em>v.</em></span> <span class='ocrx_word' id='word_1_386' title='bbox 335 4269 367 4316; x_wconf 86' lang='lat' dir='ltr'><em>et</em></span> <span class='ocrx_word' id='word_1_387' title='bbox 380 4253 433 4316; x_wconf 90' lang='lat' dir='ltr'><em>vii.</em></span> <span class='ocrx_word' id='word_1_388' title='bbox 456 4254 564 4316; x_wconf 70' lang='lat' dir='ltr'><em>Fusa.</em></span> 
     </span>
    </p>

    <p class='ocr_par' dir='ltr' id='par_1_8' title="bbox 633 4353 685 4399">
     <span class='ocr_line' id='line_1_47' title="bbox 633 4353 685 4399; baseline 0.038 -2"><span class='ocrx_word' id='word_1_389' title='bbox 633 4356 653 4397; x_wconf 91' lang='lat' dir='ltr'>G</span> <span class='ocrx_word' id='word_1_390' title='bbox 667 4353 685 4399; x_wconf 78' lang='lat'><em>2</em></span> 
     </span>
    </p>
   </div>
   <div class='ocr_carea' id='block_1_3' title="bbox 0 0 1357 4830">
    <p class='ocr_par' dir='ltr' id='par_1_9' title="bbox 0 0 1357 4830">
     <span class='ocr_line' id='line_1_48' title="bbox 0 0 1357 4830; baseline 0 0"><span class='ocrx_word' id='word_1_391' title='bbox 0 0 1357 4830; x_wconf 95' lang='lat' dir='ltr'><em> </em></span> 
     </span>
    </p>
   </div>
  </div>
 </body>
</html>
