2678 4830
128 334 171 399 68
491 334 522 396 S.
539 332 809 397 HIPPOLYTI

128 503 266 604 ἱμάτιον
291 502 332 582 τὸ
358 505 631 607 ε’ῥραντισμένον
656 505 791 604 αἵματι,
813 502 879 601 τὴν
902 503 1024 607 σάρκα
1047 503 1173 605 διηγή-

128 665 236 729 σατο,
270 633 312 709 δι’
344 630 387 730 ἧς
416 634 475 710 καὶ
506 629 574 711 ὑπὸ
606 631 722 716 πάθος
751 629 863 730 ἦλθεν
892 633 912 709 ὁ
942 629 1086 730 ἀπαθὴς
1113 641 1177 710 τοῦ

128 763 225 839 Θεοῦ
247 754 381 860 Λόγος,
412 757 530 842 καθὼς
557 767 801 862 μαμιυροῦσιν
827 792 888 857 μοι
916 763 949 836 οἱ
975 763 1173 866 προφῆται.

128 884 235 987 Λέγει
252 883 325 989 γὰρ
343 886 454 968 οὕτως
473 886 493 962 ὁ
511 884 685 988 μακάριος
705 886 878 989 Μιχαίας·
912 881 1025 969 Οἶκος
1043 884 1177 980 Ἰακὼβ

127 1011 337 1115 παρῶργισε
355 1017 505 1110 Πνεῦμα
525 1014 671 1114 Κυρίου.
708 1017 835 1092 Ταῦτα
852 1011 898 1091 τὰ
915 1010 1201 1112 ἐπιτηδεύματος

129 1140 246 1223 αὐτοῖς
271 1141 383 1217 ἐστιν.
423 1139 490 1241 οὐχ
518 1143 551 1216 οὶ
575 1134 681 1239 λθγοι
704 1138 812 1217 αὐτοῦ
834 1140 939 1217 καλοὶ
962 1138 1039 1237 μετ’
1059 1139 1177 1218 αὐτῶν

128 1270 187 1347 καὶ
205 1268 305 1370 ὀρθοὶ
322 1264 544 1368 πορεύονται.
587 1267 659 1343 Καὶ
678 1266 777 1345 αὐτοὶ
795 1260 1024 1364 ἀντέστησαν
1042 1271 1092 1349 εἰς
1111 1268 1172 1369 ε’χ-

128 1394 219 1498 θρὰν
244 1392 336 1473 κατὰ
360 1389 559 1496 πρόσωπον
583 1396 648 1490 τῆς
672 1390 811 1496 εἰρήνης
834 1392 957 1488 αὐτοῦ,
978 1389 1046 1491 τὴν
1065 1389 1176 1499 δόξαν

128 1522 303 1628 ἐξέδειραν
322 1521 444 1617 αὑτοῦ,
466 1520 559 1598 τοῦτ’
580 1521 679 1598 ἐστὶν
703 1516 744 1598 τὸ
766 1521 876 1622 σαρκὶ
899 1524 1026 1599 παθεῖν
1052 1518 1173 1600 αὐτόν.

127 1646 317 1731 Ὡσαύτως
344 1649 403 1725 καὶ
434 1649 454 1724 ὁ
481 1643 654 1749 μακάριος
682 1651 832 1729 Παῦλος
859 1645 970 1746 λέγει.
1020 1644 1076 1726 Τὸ
1104 1646 1176 1752 γάρ
1189 1689 1220 1727 ιο

128 1773 302 1855 ἀδύνατον
326 1780 390 1852 τοῦ
416 1769 540 1872 νόμου,
562 1776 600 1852 ἐν
625 1768 654 1881 ᾧ
678 1771 835 1873 ἠσθένει,
857 1773 877 1851 ὃ
897 1770 991 1857 Θεὸς
1008 1770 1072 1854 τὸν
1091 1776 1175 1854 ἑαυ-

127 1910 191 1982 τοῦ
224 1897 299 1979 υἱὸν
329 1898 480 2005 πέμψας
513 1901 550 1979 ἐν
583 1898 779 1999 ὁμοιώματι
810 1897 946 2002 σαρκὸς
983 1901 1174 2002 ἁμαρτίας,

127 2028 327 2132 κατέκρινεν
349 2025 415 2126 τὴν
440 2027 615 2130 ἁμαρτίαν
636 2060 682 2131 τῃ
708 2028 832 2128 σαρκὶ,
853 2025 912 2104 ἵνα
934 2024 976 2106 τὸ
1002 2028 1177 2126 δικαίωμα

125 2163 190 2235 τοῦ
219 2154 329 2254 νόμου
359 2159 550 2262 φανερωθῇ
578 2156 616 2232 ἐν
643 2154 728 2252 ἡμῖν
755 2159 830 2236 τοῖς
856 2151 908 2252 μὴ
936 2151 1028 2232 κατὰ
1055 2153 1177 2258 σάρκα

125 2289 399 2386 περιπατοῦσιν,
426 2278 526 2360 ἀλλὰ
551 2280 643 2359 κατὰ
666 2288 817 2378 πνεῦμα.
876 2285 990 2359 Ποῖον
1014 2281 1079 2359 οὖν
1102 2277 1175 2360 υἱὸν
1188 2318 1217 2376 ¹5

125 2411 252 2489 ἑαυτοῦ
279 2413 299 2490 ὃ
329 2406 421 2492 Θεὸς
449 2406 508 2487 διὰ
534 2412 599 2506 τῆς
625 2404 762 2510 σαρκὸς
790 2405 1020 2513 κατέπεμψεν
1044 2404 1174 2507 ἀλλ’ἢ

124 2535 187 2617 τὸν
205 2535 341 2638 Λθγον,
364 2535 405 2615 ὃν
431 2533 507 2615 υἱὸν
530 2531 777 2638 προσηγόρευε
799 2532 858 2612 διὰ
880 2532 922 2612 τὸ
940 2534 1089 2634 μέλλειν
1106 2536 1170 2614 αὐ-

125 2663 188 2742 τὸν
212 2663 406 2764 γενέσθαι;
439 2665 498 2741 καὶ
520 2661 562 2741 τὸ
587 2659 705 2740 κοινὸν
731 2659 844 2759 ὄνομα
868 2664 933 2759 τῆς
957 2665 1005 2745 είς
1029 2661 1172 2764 ἀνθρώ·

124 2823 213 2873 πους
231 2789 499 2895 φιλοστοργίας
519 2787 597 2895 (for.
612 2784 732 2867 καινὸν
756 2786 869 2886 ὄνομα
890 2792 937 2892 τῇ
959 2793 1008 2870 εἰς
1029 2788 1172 2894 ἀνθρώ-

125 2997 212 3055 modo
229 2996 318 3054 vestis
340 2997 481 3074 sanguine
500 3016 625 3071 aspersa,
667 2998 746 3054 sibile
763 3006 824 3054 erat
843 2997 920 3072 leuis,
935 2997 963 3054 ιἰι
982 3016 1033 3072 μιν
1050 2998 1172 3074 infima-

124 3079 156 3135 in
170 3077 303 3154 symbolo
314 3077 487 3155 significavit
497 3096 625 3143 curnem,
668 3079 749 3134 batur
763 3097 818 3152 per
833 3097 957 3143 tamem
978 3078 1057 3135 Deus
1069 3078 1173 3136 Filium

125 3179 184 3235 que
196 3159 288 3224 venit,
305 3158 341 3216 ed
359 3157 541 3215 subeundam
559 3177 625 3232 pes-
666 3177 743 3215 ιυιιοι
755 3159 864 3215 mittem
877 3159 905 3215 in
920 3158 1098 3216 similitudine
1111 3178 1172 3216 car-

124 3241 236 3299 sionem
247 3239 409 3316 impatibile
419 3239 475 3296 Dei
482 3238 624 3304 Verbum,
667 3239 710 3294 nie
716 3239 834 3312 peccati,
845 3239 982 3295 damnavit
989 3247 1132 3312 peceatum
1144 3241 1172 3296 in

123 3322 198 3379 sicut
214 3321 288 3378 mihi
305 3320 454 3397 prophetae
472 3330 625 3377 testantur.
667 3337 756 3384 came,
772 3327 802 3375 ut
814 3320 980 3395 justificatio
998 3320 1068 3394 letis
1085 3328 1171 3377 estm-

124 3401 172 3458 sic
188 3403 265 3458 enim
286 3402 327 3458 eit
345 3400 448 3457 beatus
468 3400 624 3456 Michaees:
667 3400 777 3455 deretur
794 3400 822 3456 in
842 3401 926 3466 nobie,
943 3401 989 3476 qui
1007 3419 1060 3457 ποιι
1079 3419 1170 3457 setun·
1262 3404 1264 3410 ⁴

123 3482 250 3536 amamus
257 3481 344 3538 Jacob
358 3481 481 3537 irritavit
491 3480 626 3554 Spiritum
666 3480 728 3535 dum
747 3499 853 3536 curnem
871 3481 1046 3546 ambulem,
1062 3482 1114 3537 ted
1128 3500 1170 3537 ιιι-

123 3558 244 3624 Βονιίιιὶ,
257 3560 313 3616 Ιιωο
328 3569 390 3616 sunt
408 3579 499 3617 eorum
517 3561 623 3616 studia:
666 3562 778 3617 cundum
792 3561 936 3634 Spiritum.
978 3561 1105 3630 Qualem
1117 3579 1170 3638 igi

123 3657 174 3695 non
195 3640 256 3695 boni
275 3659 408 3696 semones
426 3642 492 3713 ωἰις,
508 3649 535 3696 et
553 3649 626 3696 recte
667 3651 714 3697 tur
729 3641 834 3698 Filium
848 3661 933 3698 suum
946 3641 1027 3698 Deus
1040 3659 1095 3716 per
1107 3659 1169 3698 eer-

122 3737 180 3774 cum
194 3719 260 3792 ipsis
273 3719 418 3776 ambulant.
446 3720 489 3775 Et
502 3721 555 3792 ipsi
566 3740 624 3776 ςυς-
666 3738 735 3777 nem
752 3721 842 3786 misit,
861 3723 917 3779 nisi
930 3721 1073 3787 Verbum,
1092 3720 1170 3796 quod

122 3799 273 3855 eituvmmt
286 3799 454 3855 inimicitiam
468 3808 561 3855 contra
570 3819 623 3874 pa·
666 3819 685 3857 e
703 3801 847 3875 principio
867 3802 981 3859 scilicet
998 3801 1106 3859 Filium
1119 3820 1169 3858 vo·

122 3897 177 3937 cem
201 3879 268 3951 ιγύς,
293 3878 411 3953 ρίοτίοιυ
433 3881 492 3952 ejus
516 3880 625 3936 θοίναν·
666 3880 753 3945 cavit,
770 3880 839 3954 quie
852 3879 981 3938 futurum
996 3891 1060 3938 eret
1075 3892 1111 3938 ut
1124 3899 1169 3938 or-

121 3967 209 4016 emmt.
253 3958 287 4016 Id
315 3970 369 4024 est,
395 3958 529 4017 fecerunt
557 3979 624 4017 eum
665 3971 729 4016 tum
756 3961 895 4035 caperet?
927 3971 958 4018 et
985 3979 1053 4019 cum
1081 3961 1170 4017 Filius

120 4041 227 4114 patiin
242 4058 340 4096 came.
366 4038 507 4096 Similiter
520 4041 623 4097 beatus
665 4050 797 4104 vocatur,
823 4059 980 4098 commune
1003 4059 1114 4097 nomen
1138 4059 1169 4096 e·

121 4121 227 4179 Paulus
245 4121 304 4177 ait:
326 4117 432 4183 bQuot
443 4121 512 4176 enim
525 4121 623 4193 impoe-
665 4120 753 4176 moris
765 4138 834 4196 erge
843 4120 978 4178 homines
989 4120 1090 4178 sumit.
1104 4120 1170 4176 Nec

349 4274 363 4302 a
381 4264 469 4312 Mum
481 4264 505 4310 u.
521 4276 542 4325 t·
735 4264 749 4300 ν
768 4262 838 4310 mm.
851 4262 901 4310 viu
913 4277 937 4322 3.
