2678 4830
567 541 611 597 ΙΝ

373 699 422 800 S.
452 697 806 802 CYPRIANI

524 932 655 976 LIBRUM

280 1085 361 1157 DE
405 1084 894 1157 MORTALITATE

349 1264 824 1348 ANNOTATIONES.

447 1510 728 1560 ...φ-.-

108 1700 146 1763 Ρ.
162 1700 235 1783 265.
251 1696 271 1760 l.
286 1716 313 1764 a.
338 1697 453 1761 Lumo
476 1717 521 1760 uu
546 1695 816 1783 Moarxmrauu]
838 1693 910 1759 Sive
931 1694 985 1760 lue
1008 1696 1122 1761 morti-

63 1783 139 1848 fera.
180 1782 317 1847 Tertull.
339 1782 380 1847 de
402 1784 583 1846 Resurrect.
599 1784 693 1847 Caro.
708 1805 735 1846 c.
747 1798 801 1865 51.
817 1781 944 1847 definite
966 1782 1119 1869 explicat.

63 1869 173 1947 izin,
189 1868 1119 2042 *liutticitltllttlbtttlttltttxt
1142 1928 1144 1932 ’

84 1958 187 2020 utitur

55 1979 144 2107 iilius
159 2005 222 2107 tain
237 2065 324 2106 vana
337 2054 369 2106 et
388 2041 519 2105 erratica
539 2039 650 2104 habuit
668 2055 888 2129 symptomata,
904 2054 940 2104 ut
956 2041 997 2105 ad
1016 2042 1117 2129 pestis

61 2129 188 2216 proprie
209 2128 302 2194 diotae
325 2142 438 2216 typum
460 2127 587 2191 minime
606 2149 655 2190 res
699 2126 819 2191 nderet.
856 2129 1009 2213 Corporis
1028 2131 1116 2194 vires

60 2217 182 2281 solutus
196 2218 376 2303 iustarum
393 2224 501 2279 venter
515 2151 717 2278 sciscerabiit.
750 2216 793 2275 In
802 2215 958 2299 fctucium
977 2215 1116 2279 vulnera

61 2312 225 2389 corneptus
239 2303 419 2366 medullitus
433 2303 524 2388 ignis
537 2301 740 2364 ernstuabat.
776 2300 915 2364 Assiduo
930 2303 1051 2365 aornim
1065 2304 1116 2365 in-

62 2391 178 2453 testina
192 2389 426 2476 pmtiebuntur,
440 2389 522 2451 oculi
537 2389 571 2450 vi
584 2385 757 2474 sanguinis
771 2387 1021 2466 inardescebant,
1036 2409 1113 2474 pao-

62 2476 201 2538 rundam
213 2475 311 2563 pedes
327 2476 376 2539 vel
389 2475 504 2561 aliqua
518 2475 726 2537 ntembrorum
740 2481 850 2558 partes
864 2475 1011 2560 contagio
1025 2496 1112 2538 mor-

62 2562 144 2626 bidae
162 2562 344 2648 putredinis
364 2561 624 2648 amputabantur,
647 2558 870 2623 debilitabatur
889 2561 1043 2636 incessus,
1063 2562 1114 2624 ob-

61 2649 245 2712 struebatur
259 2648 400 2726 auditus,
415 2655 549 2711 coecutus
557 2646 638 2732 fuit
651 2667 687 2709 as
710 2654 805 2709 ectus.
851 2646 1029 2710 Teterrima
1044 2647 1113 2713 haec

62 2733 131 2798 lues
149 2734 182 2797 in
197 2733 319 2798 Arabia
337 2734 475 2820 primum
493 2746 577 2810 nata,
593 2733 666 2796 dein
690 2756 707 2795 e
725 2731 758 2795 in
774 2733 956 2820 AEgyptum
971 2733 1114 2815 devecta,

106 2819 264 2884 stmodum
284 2819 316 2882 in
333 2819 476 2883 Africam
489 2819 649 2905 processit,
665 2833 696 2883 et
710 2817 823 2882 exinde
838 2842 894 2906 per
907 2819 1115 2886 occidentales

62 2842 201 2968 iioomani
220 2905 262 2968 im
304 2904 342 2967 rii
386 2919 468 2969 artes
488 2905 707 2992 grassabatur3
733 2905 839 2969 furore
854 2906 1057 2971 Atheniensis
1076 2907 1114 2972 il-

64 2989 135 3070 lius,
150 3013 247 3077 quam
262 2928 408 3054 discribit
423 2991 630 3078 Thucydides
649 2991 774 3070 aemulo,
790 2991 900 3057 itinere
917 3007 1066 3058 consueto
1081 3008 1114 3060 et

64 3077 115 3141 via
128 3077 218 3164 quasi
233 3076 398 3166 praetoria:
422 3077 466 3141 ait
485 3077 567 3141 enim
588 3077 710 3141 Plinius
723 3076 777 3141 lib.
791 3080 872 3144 VII.
887 3093 912 3144 ο.
925 3096 976 3166 50.
995 3083 1112 3145 Obser-

64 3174 174 3229 vatum
188 3187 209 3228 a
224 3165 412 3229 meridianis
424 3167 582 3252 partibus,
598 3165 642 3228 ad
654 3186 796 3228 occasum
811 3167 885 3229 solis
894 3168 1112 3252 pestilentiam

64 3273 186 3339 semper
207 3255 264 3315 ire.
310 3251 545 3338 Imperantibus
566 3249 660 3315 Gallo
679 3265 711 3312 et
725 3251 896 3316 Volusiano
913 3253 973 3316 hoc
992 3251 1113 3316 malum

64 3336 205 3424 contigit,
220 3338 351 3402 testibus
367 3339 485 3402 Euseb.
500 3337 532 3401 in
549 3337 668 3402 Chron.
682 3337 775 3400 Oros.
786 3337 841 3401 lib.
851 3340 930 3402 VII.
947 3353 978 3402 et
994 3339 1113 3404 Zonar.

65 3423 184 3487 Annal.
196 3423 249 3486 lib.
264 3424 314 3486 II.
344 3426 445 3487 Porro
459 3424 544 3510 pacis
558 3438 698 3521 tempore
712 3422 772 3486 hoc
786 3424 922 3488 evenisse
938 3424 1029 3489 docet
1043 3426 1113 3489 Eu-

66 3508 131 3571 seb.
147 3508 402 3572 lib.V11.c.22.
419 3533 458 3572 ex
472 3509 570 3572 literis
585 3512 718 3596 Dionys.
734 3508 830 3574 Alex.
850 3515 884 3590 τῇ
905 3516 1037 3594 Χριστοῦ
1055 3512 1114 3576 πά-

64 3601 115 3657 λιν
130 3593 374 3675 ἐνηυφράνθημεν
390 3593 499 3676 εἰρήνῃ,
515 3595 553 3673 ἣν
565 3597 667 3675 μόνοις
679 3598 748 3676 ἡμῖν
764 3597 861 3660 ἔδωκε.
876 3597 1065 3681 βραχυτάτης
1079 3599 1114 3662 δὲ

64 3680 146 3759 ἡμῶν
164 3706 197 3743 τε
218 3680 265 3743 καὶ
283 3681 378 3744 αὐτῶν
393 3682 545 3763 τυχόντων
560 3684 719 3761 ἀναπνοῆς,
737 3681 974 3766 ἐπικατέσκηψεν
988 3686 1007 3764 ἡ
1022 3685 1114 3751 νόσος

66 3767 149 3846 αὕτη.
183 3764 307 3844 Quibus
321 3765 523 3853 praestructis,
538 3766 654 3831 librum
671 3768 754 3833 hunc
769 3791 851 3832 anno
868 3788 940 3855 252.
957 3768 1112 3856 conscrip-

65 3865 145 3931 tum,
161 3851 258 3939 idque
277 3867 349 3917 ante
366 3851 610 3940 redintegratam
627 3855 883 3940 persecutionem,
899 3855 1112 3944 adstipulante

64 3951 215 4003 tractatus
230 3939 326 4003 totius
341 3952 458 4016 tenore,
470 3941 723 4026 pronunciamus.
756 3941 869 4027 Scripti
888 3942 984 4029 hujus
999 3942 1110 4006 memi-

64 4024 112 4089 nit
133 4025 277 4103 Pontius‚
300 4025 356 4112 qui
378 4038 409 4089 et
431 4028 587 4114 egregiam
612 4051 631 4092 a
653 4026 813 4113 Cypriano
835 4042 922 4112 peste
943 4028 1112 4094 laboranti·

63 4110 125 4174 bus
139 4125 170 4174 et
184 4110 297 4175 exinde
313 4110 444 4175 mortuis
457 4128 601 4179 navatam
617 4135 742 4199 operam
758 4111 902 4197 pluribus
917 4115 1110 4201 exsequitur.

65 4195 268 4283 Augustinus
288 4197 343 4263 lib.
363 4197 403 4261 de
422 4199 606 4264 Praedestin.
626 4201 730 4263 Sanct.
748 4196 803 4277 ait,
821 4200 980 4288 Oppriani
992 4203 1110 4266 librum
