2678 4830
277 348 328 412 IN
353 345 694 412 TERTULLIANI
719 346 784 410 DE
807 346 1070 412 ORATIONE.
1137 349 1202 417 177
1240 384 1244 391 ·

155 518 231 585 tiani
243 540 354 619 panem
365 517 603 583 eucharisticum
614 516 701 605 apud
710 540 743 582 se
756 539 913 583 reservare
923 517 1072 584 solebant.
1096 521 1201 587 Causa

156 607 206 671 hic
221 606 305 670 dicta
319 620 424 671 utrum
441 603 515 669 alibi
530 619 729 683 memoretur,
745 627 795 669 me
809 603 895 669 latet.

199 692 424 778 P.109.l.12.
447 693 499 755 De
519 690 628 756 habitu
649 715 723 755 vero
742 691 898 756 duntaxat
919 691 1105 756 feminarum
1127 693 1195 779 bc]

155 780 237 842 Haec
257 777 456 865 reperiuntur
475 777 508 841 in
526 777 682 843 vetustiss.
701 777 881 865 exemplari,
900 799 1002 864 neque
1025 779 1200 866 spernenda

153 879 237 929 sunt.
257 867 335 930 Post
344 864 398 928 illa
408 887 496 929 vero:
508 866 575 929 Per
584 866 726 929 ecclesius
753 887 824 942 uas,
835 863 976 950 sequitur
986 864 1018 929 in
1028 865 1137 929 eodem
1146 889 1200 931 ex-

153 951 294 1038 emplari,
305 951 424 1038 absque
440 949 503 1015 ulla
517 950 724 1028 distinctione,
774 953 781 967 '
796 952 1106 1037 positafflntensiiitns,
1120 962 1158 1018 nt
1169 962 1200 1018 et

150 1041 303 1125 proprias
352 1038 814 1124 erasplnrcsetnecessnriorss
824 1039 878 1102 &a
889 1060 961 1124 quoe
972 1036 1128 1102 habentur
1138 1038 1161 1102 l.
1171 1040 1197 1103 I.

154 1124 194 1188 de
210 1061 415 1189 Cultu‘lem.
428 1147 459 1211 p.
472 1139 522 1208 79.
538 1127 687 1188 Ricacr.
722 1123 785 1202 Qui
800 1123 866 1187 haec
881 1146 983 1210 pauca
991 1125 1088 1189 verba
1098 1147 1199 1212 usque

153 1211 194 1275 ad
208 1210 313 1275 literas
326 1233 417 1297 quos,
432 1210 576 1275 vocabuli
590 1213 682 1298 qnasi
697 1225 816 1296 partem
832 1209 854 1273 l.
868 1228 918 1274 22.
933 1209 1053 1297 primus
1067 1210 1176 1276 edidit.

198 1296 280 1361 Ibid.
298 1296 318 1359 l.
336 1316 387 1362 20.
409 1296 551 1361 lenonem
566 1295 797 1384 operositatem]
818 1295 953 1382 Conjicit
969 1297 1136 1362 Schutzius
1154 1299 1197 1363 ls-

153 1386 304 1447 noninam
320 1383 503 1468 (lenoniam)
519 1407 585 1447 esse
598 1382 778 1470 legendum.

199 1469 283 1534 Ibid.
307 1469 329 1532 l.
346 1489 398 1537 22.
421 1469 527 1558 quasi]
549 1472 632 1534 Cum
655 1469 713 1533 bac
734 1492 810 1533 voce
831 1467 941 1556 incipit
961 1491 1079 1534 novum
1102 1472 1199 1570 atque

153 1555 274 1642 insigne
288 1555 384 1642 hujus
397 1555 494 1620 libelli
508 1570 725 1643 augmentum,
739 1553 971 1620 Tertullianum
987 1556 1058 1622 stilo
1072 1580 1199 1622 ommno

153 1643 300 1721 referens,
323 1665 363 1707 ex
385 1643 491 1706 codice
512 1641 723 1707 Ambrosiano
742 1666 762 1706 a
784 1641 963 1706 Muratorio
984 1643 1198 1731 desumptum.

154 1729 264 1792 Codex
283 1743 388 1793 autem
404 1729 481 1816 ipse,
496 1729 543 1794 uti
557 1728 693 1794 ostendit
706 1728 790 1792 idem
811 1728 859 1792 vir
878 1728 1031 1809 eruditus,
1047 1753 1119 1794 cum
1138 1730 1196 1794 ini-

153 1815 197 1879 tio
210 1814 320 1902 capitis
339 1814 413 1879 noni
433 1839 523 1881 orsus
542 1829 617 1880 erat.
655 1815 759 1880 Verba
779 1813 1004 1965 intem’dw
1016 1819 1199 1915 promiscue

152 1903 338 1966 observatur
357 1924 417 1988 per
441 1903 594 1981 ecclesias,
621 1926 694 1989 quae
717 1900 808 1966 lectio
833 1916 880 1965 est
938 1901 1047 1988 igaltu,
1071 1903 1199 1990 praetuli

153 1988 391 2067 Muratorianse,
406 1989 484 2077 qnid
497 1991 680 2078 prorniscue
693 1989 874 2053 observatur
882 2011 919 2074 p.
932 2010 956 2052 e.
999 1989 1055 2052 Ad
1073 2013 1197 2054 sensum

152 2097 261 2139 eorum
280 2075 368 2161 quod
385 2075 507 2150 attinet,
523 2075 689 2163 significari
708 2074 834 2139 videtur
849 2073 1048 2139 ecclesiarum
1065 2076 1198 2141 nonnul-

104 2165 105 2170 ’
151 2160 252 2225 larum
269 2185 345 2226 usus
359 2161 392 2225 in
406 2161 553 2227 omnibus
568 2175 598 2226 et
613 2160 744 2249 singulis
758 2160 947 2248 regionibus.

195 2245 282 2313 Ibid.
297 2247 320 2312 l.
332 2268 384 2335 30.
409 2249 476 2313 Aut
489 2250 602 2348 quum]
622 2250 698 2313 For.
715 2249 758 2312 At
772 2271 878 2335 quun.

21 2332 37 2369 ·‘
71 2328 89 2405 s
127 2344 156 2377 '-
195 2336 235 2399 P.
255 2355 327 2400 110.
349 2335 370 2398 l.
389 2354 417 2400 1.
449 2337 514 2413 Qui
538 2350 583 2399 rta
605 2335 795 2422 concedunt]
817 2336 892 2399 For.
918 2335 981 2408 Qui
1002 2335 1049 2398 ita
1072 2348 1198 2399 conteu-

152 2420 242 2485 dunt.
318 2456 321 2460 ·

196 2496 278 2572 Ibid.
298 2507 318 2570 l.
334 2533 365 2588 4.
389 2507 565 2594 inveniunt]
585 2508 660 2573 For.
677 2506 857 2595 legendum,
880 2505 1050 2585 invenient,
1069 2505 1128 2570 nisi
1150 2507 1196 2570 al-

77 2656 82 2664 ,
152 2607 219 2657 tera
234 2592 324 2657 lectio
339 2593 468 2658 ferenda
482 2594 530 2659 sit.

197 2679 282 2744 Ibid.
298 2679 320 2745 l.
337 2682 367 2745 6.
391 2682 552 2745 mulierem
574 2695 605 2744 et
613 2682 777 2767 feminam
800 2701 837 2744 co
881 2676 1047 2759 ominavit]
1068 2679 1142 2741 Hoc
1159 2679 1196 2742 fit

126 2806 128 2813 ,
151 2766 183 2829 iu
205 2765 512 2851 interpretationibus
535 2768 705 2855 Scriptura
727 2790 821 2831 sacrae
837 2701 977 2830 liminis.
1024 2765 1103 2842 Quae
1122 2788 1196 2831 vero

151 2853 199 2916 his
211 2853 630 2940 subjungsrntur,finrinonr,
640 2876 703 2942 qno
710 2876 805 2918 senus
811 2852 1196 2941 generaliter,mnliercnt,

151 2962 214 3088 gun
224 2941 352 3027 gradus
366 2962 461 3005 senas
475 2942 665 3039 specialiter,
681 2965 718 3005 ea
732 2955 880 3090 tantpuam
895 2937 1057 3025 glossatori
1071 2937 1196 3002 cuidam

175 3025 267 3101 obita,
284 3026 371 3089 uncis
390 3025 520 3100 inclusr;
544 3027 663 3114 quippe
682 3051 754 3093 cum
774 3049 866 3114 pane
885 3025 1039 3089 contraria
1056 3024 1117 3088 sint
1136 3024 1196 3112 ipsi

153 3111 350 3176 Tertulliano
364 3113 524 3191 statuenti,
541 3116 702 3179 mulierem
717 3137 810 3179 sexus
824 3136 889 3177 esse
904 3134 1028 3188 nomen,
1043 3134 1106 3174 non
1120 3135 1194 3198 gra·

151 3197 227 3261 dum
245 3223 347 3264 sexus.
384 3263 385 3266 ,

196 3285 281 3349 Ibid.
296 3286 318 3351 l.
335 3286 364 3348 8.
388 3288 503 3373 Itaque
520 3288 588 3374 jam
611 3301 686 3350 tunc
706 3285 841 3374 innupta
854 3284 958 3350 adhuc
973 3285 1045 3346 Eva
1059 3283 1196 3348 mulieris

152 3371 303 3435 vocabulo
317 3372 391 3457 suit]
411 3375 557 3438 Fortasse
578 3371 787 3451 scribendum,
811 3374 863 3437 Ita
883 3371 1043 3458 quiajam
1058 3379 1133 3434 tnnc
1145 3372 1197 3433 in-

151 3469 252 3608 nupta
267 3459 368 3522 adbuc
382 3461 459 3522 Eva
474 3459 533 3523 sub
548 3461 691 3524 mulieris
705 3459 940 3544 vocobnlofnit.
979 3455 1089 3520 Habes
1102 3456 1195 3535 infra,

150 3567 190 3606 sn
226 3547 290 3608 viri
304 3549 439 3624 nornine,
455 3560 497 3624 et,
512 3547 569 3610 snb
582 3548 707 3609 nomine
721 3546 875 3610 mulieris.
905 3547 1064 3609 Caeterum
1078 3543 1162 3608 idem
1176 3568 1196 3608 a

153 3631 351 3695 Tertulliano
372 3631 542 3697 adducitur
564 3644 784 3719 argumentum
804 3631 835 3695 in
857 3631 937 3696 libro
951 3631 989 3695 de
1009 3631 1197 3718 Virginibus

157 3718 313 3795 Velnndis,
327 3741 396 3804 cap.
407 3733 440 3802 5.
1141 3780 1144 3786 .

196 3803 281 3869 Ibid.
295 3804 317 3867 l.
334 3825 382 3890 13.
399 3803 609 3882 divinitatum,
625 3819 657 3868 et
670 3803 735 3891 illa]
755 3805 831 3868 For.
842 3803 1062 3890 corrigendum
1076 3815 1134 3880 est,
1150 3802 1197 3867 di-

152 3887 233 3966 vina,
249 3903 317 3954 tum
335 3901 367 3954 et
384 3891 451 3964 illu,
467 3902 499 3954 et
516 3889 618 3954 statim
639 3906 721 3978 post,
736 3915 795 3979 pro
814 3891 952 3977 exemplo
971 3889 1045 3954 satis
1063 3912 1197 3976 congru-

151 3989 216 4039 eret
229 3975 303 4041 huic
318 3975 450 4041 orationi
463 3978 623 4063 cntempla.
1150 4019 1152 4021 -

195 4061 280 4127 Ibid.
297 4062 320 4126 l.
337 4065 387 4127 16.
409 4085 473 4127 non
487 4065 610 4148 sonant]
630 4062 761 4150 Corrige
776 4070 958 4128 consonant.

195 4146 279 4212 Ibid.
292 4147 313 4212 l.
328 4149 378 4213 18.
393 4148 449 4213 ubi
463 4149 503 4214 de
517 4150 665 4215 nubendo
676 4149 779 4236 docet]
793 4152 842 4214 At
851 4172 926 4214 vero
936 4147 969 4213 in
983 4145 1108 4234 capvii.
1120 4149 1197 4211 Pri-

144 4235 216 4297 oris
233 4235 343 4321 Epist.
361 4236 405 4298 ad
424 4235 615 4316 Corinthios,
634 4260 748 4302 comm.
763 4259 817 4324 34.
837 4235 949 4301 mulier
968 4246 999 4298 et
1019 4231 1108 4320 virgo
1129 4234 1195 4298 me-

151 4337 325 4387 morantur.
361 4321 451 4385 Infra
465 4323 662 4388 scribendum
677 4339 736 4402 est,
750 4325 876 4389 manino
889 4345 953 4387 non
967 4319 1168 4386 nominatam.

664 4431 688 4474 N
1145 4430 1148 4437 .
