2678 4830
89 314 155 385 294
473 316 505 380 S.
522 315 759 380 CYPRIANI

91 498 182 560 teret
208 485 394 559 Dominus
420 500 456 560 et
487 487 633 576 videret,
659 515 732 561 nou
760 487 805 561 de
830 486 1055 587 patrimonio
1085 486 1151 560 sed

91 602 138 676 de
160 603 283 677 animo
305 630 397 703 opus
420 603 497 700 ejus
519 605 744 692 examinans,
762 618 800 678 et
820 603 1052 677 considerans
1071 629 1148 675 non

93 734 270 818 quantum
289 720 349 792 scd
369 747 413 793 ex
433 735 569 817 quanto
586 722 753 810 dedisset,
771 719 953 820 respondit
971 733 1009 792 et
1026 719 1149 793 dixit:

38 868 44 881 ·
93 838 213 911 Amen
231 838 310 911 dico
330 837 438 927 vobis,
455 838 625 937 quonium
647 837 758 912 uidua
780 838 852 910 istu
869 836 955 934 plus
977 836 1151 909 omuibus

94 955 194 1028 misit
219 955 259 1026 iu
285 954 377 1027 douo
405 953 491 1027 Dei.
538 952 673 1026 Omnes·
699 953 794 1026 euim
819 954 883 1026 isti
907 978 951 1025 eu
978 976 1019 1024 eo
1047 951 1152 1050 quod
1158 977 1175 1040 5

96 1071 294 1145 abundavit
311 1070 388 1144 illis
403 1071 584 1143 miseruut
601 1071 639 1143 iu
657 1071 750 1144 douo
766 1070 855 1143 Dei.
900 1069 992 1142 Huc
1018 1077 1148 1141 autem

96 1190 140 1263 de
164 1188 289 1285 iuopia
313 1213 382 1261 suo
410 1214 549 1261 omnem
577 1213 824 1287 quemcunque
850 1187 977 1260 holuit
1004 1185 1148 1259 victum

95 1306 206 1380 m-isr't.
247 1305 411 1378 Multum
428 1307 533 1378 beata
552 1305 679 1377 mulier
696 1319 732 1377 et
750 1303 915 1402 gloriosa,
932 1328 1013 1401 quae
1031 1301 1147 1374 etiam

95 1435 178 1496 ante
201 1421 298 1494 diem
317 1421 445 1518 judicii
465 1421 597 1495 meruit
613 1421 637 1493 J
643 1419 756 1494 udicis
774 1446 861 1493 voce
879 1417 1025 1492 laudari.
1073 1416 1148 1489 Pu-

93 1537 177 1612 deat
195 1539 322 1612 divites
341 1538 536 1612 sterilitatis
553 1552 660 1635 atque
674 1536 893 1610 infelicitatis
911 1561 996 1608 suae.
1020 1531 1147 1608 Vidua
1160 1565 1194 1604 ιο

93 1667 130 1728 et
155 1655 258 1754 inops
278 1654 311 1727 in
331 1681 438 1753 opere
456 1655 646 1727 invenitur.
691 1653 862 1751 Cumque
879 1653 1044 1725 universa
1062 1677 1147 1748 quae

93 1770 224 1844 dantur
248 1771 393 1870 pupillis
416 1784 453 1843 et
478 1768 594 1843 viduis
617 1771 859 1857 conferantur,
876 1769 938 1843 dat
954 1769 1145 1867 illaquam

93 1888 283 1987 oportebat
306 1885 488 1984 accipere3
516 1898 556 1958 ut
580 1886 736 1960 sciamus
754 1914 834 1985 quae
852 1911 962 1984 poena
984 1883 1146 1956 sterilem

93 2001 241 2076 divitem
268 2016 421 2089 mancat,
445 2002 591 2098 quando
617 2003 687 2077 hoc
709 2006 789 2103 ipso
813 2002 1033 2075 documento
1056 2026 1147 2099 ope-

94 2121 160 2194 rari
180 2121 287 2193 etiarn
308 2145 482 2218 pauperes
501 2118 665 2193 debeant.
701 2120 823 2217 Atque
840 2131 882 2192 ut
899 2117 1146 2217 intelligamus
1161 2144 1194 2205 15

95 2238 173 2311 lraec
203 2263 310 2336 opera
337 2236 419 2309 Deo
447 2235 521 2308 dari
552 2250 590 2308 et
619 2264 702 2310 eum
731 2236 894 2333 quisquis
925 2235 1006 2308 haec
1034 2233 1147 2308 faciat

96 2354 302 2428 Dominum
329 2352 536 2452 promereri,
557 2353 723 2425 Christus
750 2352 838 2425 illud
866 2351 937 2426 Dei
965 2353 1060 2425 dona
1083 2378 1148 2450 ap-

96 2471 218 2572 pellat,
236 2484 273 2542 et
295 2471 332 2542 in
356 2470 451 2542 dona
474 2469 546 2542 Dei
571 2469 715 2542 viduam
734 2468 824 2541 duos
843 2467 1060 2566 quadrantes
1079 2467 1148 2541 mi-

96 2587 183 2660 sisse
202 2586 393 2684 significat,
411 2598 452 2658 ut
471 2586 583 2684 magis
602 2613 643 2659 ac
660 2585 775 2684 magis
793 2586 908 2685 possit
929 2611 1007 2658 esse
1032 2585 1149 2658 mani-

95 2706 228 2776 festum
249 2703 334 2800 quia
351 2703 414 2800 qui
433 2703 621 2775 miseretur
638 2701 805 2802 pauperis
824 2702 949 2775 Deum
967 2701 1133 2775 foenerat.
1159 2735 1199 2774 20

145 2819 238 2891 XII.
265 2819 336 2893 Sed
365 2847 431 2892 nec
457 2819 518 2891 illa
544 2846 610 2909 res,
633 2820 757 2893 fratres
784 2818 970 2908 carissimi,
997 2845 1017 2890 a
1041 2819 1148 2891 bonis

98 2937 266 3035 operibus
285 2950 320 3008 et
338 2936 446 3032 justis
471 2935 649 3021 refraenet‚
667 2952 703 3008 et
726 2949 868 3009 revocet
886 2934 1150 3024 Christianum,
1311 2882 1319 3047 i

99 3049 197 3149 quod
224 3050 383 3124 excusari
412 3077 449 3122 se
475 3077 579 3149 posse
605 3051 732 3149 aliquis
760 3051 944 3146 existimet
968 3051 1149 3124 beneficio

99 3168 271 3256 liliorum,
289 3167 434 3266 quando
457 3168 493 3240 in
520 3167 690 3268 impensis
717 3168 936 3267 spiritalibus
960 3166 1148 3240 Christum
1319 3192 1325 3211 ‘

101 3287 270 3385 cogitare,
282 3286 344 3383 qui
361 3285 522 3385 accipere
536 3311 573 3357 sc
587 3286 766 3384 professus
780 3298 845 3371 est,
859 3284 1066 3372 debeamus,
1081 3311 1149 3358 nec
1162 3322 1177 3361 2
1180 3319 1198 3380 5
1314 3216 1323 3353 l

101 3429 290 3476 conservos
308 3403 427 3475 liberis
446 3402 577 3477 nostris
596 3401 656 3475 sed
674 3403 879 3475 Dominum
905 3402 1150 3502 praeferamus,

25 3565 50 3596 x.
101 3519 181 3618 ipso
200 3519 396 3591 instruente
415 3532 451 3591 et
469 3532 650 3592 monente.
689 3521 765 3598 Qui
782 3519 919 3619 diligit,
937 3519 1068 3619 inquit,
1081 3545 1151 3616 pu·
1320 3486 1325 3579 l

103 3645 195 3708 trem
213 3643 279 3707 out
297 3644 451 3707 matrem
468 3661 580 3732 super
597 3662 664 3725 me,
681 3663 752 3710 uon
777 3647 830 3710 est
852 3662 909 3709 me
931 3636 1086 3736 dignum
1115 3646 1152 3709 et
1183 3730 1189 3738 Ι

103 3753 166 3853 qui
190 3750 314 3850 diligit
321 3748 455 3850 filium
479 3761 546 3823 aut
555 3748 687 3849 filium
710 3779 820 3852 super
839 3780 905 3844 me,
926 3780 997 3827 nou
1020 3762 1074 3826 est
1093 3778 1151 3825 me

104 3869 247 3967 diguus.
286 3868 382 3940 Item
402 3866 437 3939 in
456 3867 743 3943 Deuteronomio
762 3872 805 3944 ad
824 3870 1147 3944 corroborationem
1161 3902 1201 3960 30

103 3986 187 4058 fidei
205 4000 242 4058 et
259 3984 490 4057 dilectionem
513 3986 583 4058 Dei
609 3986 708 4085 paria
725 3987 925 4084 conscripta
943 4000 1046 4060 sunt:
1074 3986 1152 4064 Qui
1263 4026 1279 4059 ο

17 4096 22 4111 '
104 4103 240 4191 dicunt,
257 4101 386 4198 inquit,
405 4103 511 4198 putri
528 4105 820 4191 trutmoniam
835 4104 918 4177 uovi
935 4114 982 4191 te,
1000 4114 1035 4177 et
1039 4101 1151 4203 filios

103 4245 186 4292 suos
204 4246 274 4292 nou
297 4230 535 4318 agnoverunt,
552 4220 591 4293 hi
608 4220 854 4294 custodierunt
871 4230 1054 4318 procopio
1075 4229 1151 4308 trio,
