2678 4830
239 355 293 420 IN
307 352 551 418 TERTULL.
568 353 633 418 DE
649 350 944 418 PRAESCRIPT.
959 353 1088 417 HAER.
1134 350 1195 418 nol

151 547 208 610 que
221 525 303 588 nibil
350 525 486 610 Reponit
500 548 575 589 vero
589 526 612 588 J
615 522 719 603 uulua,
734 525 889 608 antiquum
904 526 988 603 nibil,
1004 524 1090 588 haud
1105 524 1196 589 mule.

153 611 216 674 Sed
238 610 304 673 fieri
326 623 439 697 potest,
460 625 497 675 ut
518 611 605 674 locus
627 609 686 672 boc
706 610 800 673 modo
823 609 1059 696 constituendus
1080 610 1129 689 sit,
1145 612 1199 674 Ea

151 697 213 759 illis
233 717 346 774 mmm,
370 707 442 760 ante
463 720 541 783 quas
561 697 637 760 nibil
658 696 747 759 aliter
760 694 839 776 jiit,
862 717 953 779 qnam
975 695 1061 782 quod
1083 718 1197 762 sumam.

153 782 237 855 Quid
256 783 382 867 deuiam
394 781 472 864 snit,
493 793 654 867 antequam
676 802 696 843 a
718 783 802 844 nobis
821 781 1100 864 interpolarentur?
1122 784 1199 847 lam

152 890 248 954 supra
268 869 406 954 positum
426 882 483 946 est,
502 871 592 942 Quod
612 887 725 945 arumna,
745 869 800 931 boc
817 877 890 930 sant
909 869 1077 949 scriptura,
1098 880 1131 932 et
1149 892 1199 932 se-

151 954 261 1040 quitur
276 955 372 1040 paulo
385 954 477 1031 infra,
494 955 550 1041 qui
570 976 690 1030 sumus,
706 963 736 1016 et
750 954 846 1038 primi
866 963 896 1017 et
914 976 952 1016 en
970 955 1052 1035 ipsis.
1087 954 1198 1042 Rigal-

151 1041 214 1104 tius
231 1056 337 1104 autem
360 1063 501 1104 mancam
524 1040 685 1104 lectionem
710 1053 846 1118 secutus,
866 1063 938 1125 quae
957 1063 996 1103 ex
1016 1040 1200 1126 repetitione

151 1125 238 1189 verbi
251 1125 319 1207 fuit
339 1141 408 1190 orta
427 1141 485 1203 est,
500 1126 560 1190 hoc
575 1139 699 1189 tantum
713 1125 819 1204 habet,
834 1126 889 1188 Ea
907 1126 968 1188 illis
986 1147 1097 1205 sarnus,
1115 1137 1200 1191 ante-

152 1233 242 1295 quam
257 1213 346 1276 aliter
350 1211 428 1292 fnit,
445 1223 608 1295 antequam
622 1233 642 1274 a
656 1212 739 1275 vobis
752 1212 1012 1292 interpolarentur.

196 1300 234 1363 P.
254 1314 325 1381 150.
348 1297 369 1362 l.
389 1319 416 1362 1.
439 1313 471 1362 et
513 1298 583 1361 rimi
607 1311 638 1360 et
659 1319 698 1360 ex
712 1295 799 1383 ipsis]
820 1298 914 1359 Hanc
929 1296 1073 1360 editionis
1087 1297 1200 1395 princi-

175 1382 201 1446 is
223 1383 399 1462 lectionem,
425 1398 457 1448 et
504 1383 579 1447 unio
605 1383 778 1469 probatam,
805 1382 931 1468 praetuli
956 1381 1000 1445 illi
1026 1383 1200 1447 editionum

152 1406 371 1534 llhenanianas
386 1469 594 1556 sequentium,
610 1491 631 1532 a
648 1469 795 1550 principi)
814 1478 843 1531 et
858 1469 961 1550 primi.
1008 1469 1109 1533 Paulo
1127 1485 1201 1534 ante

152 1555 210 1620 scri
235 1570 316 1620 serat
329 1568 449 1632 auctor,
465 1578 503 1618 en
516 1557 576 1618 illis
592 1553 783 1640 (scripturis)
798 1575 910 1617 sumus.

196 1578 280 1705 Ibid.
303 1641 326 1705 l.
345 1661 395 1721 14.
419 1643 501 1705 Haec
526 1655 600 1704 sunt
627 1638 763 1725 ingenia]
794 1642 847 1704 Ita
872 1639 962 1704 editt.
988 1639 1199 1726 Rigaltianam

152 1727 373 1812 praecedentes,
392 1727 425 1790 in
445 1727 521 1791 istac
539 1726 666 1813 quidem
688 1725 817 1812 Rigaltii
834 1739 921 1789 extat
938 1726 1040 1789 Erant
1059 1749 1117 1876 pro
1137 1729 1202 1791 ltaec

152 1823 232 1877 sunt.
279 1813 423 1912 alteram
438 1837 512 1877 vero
531 1812 694 1876 lectionem
712 1835 786 1877 cum
807 1813 903 1898 Lupo
916 1824 1013 1898 atque
1028 1814 1059 1876 T
1085 1813 1201 1877 omacio

152 1921 303 1963 revocavi.

197 1985 282 2048 Ibid.
306 1985 326 2049 l.
346 2004 399 2050 21.
423 2008 487 2071 quo
504 1984 571 2071 jus]
601 1983 651 2048 Sic
673 1982 748 2047 edit.
771 1982 925 2081 princeps.
971 1984 1103 2048 Habent
1126 1984 1200 2049 edd.

153 2070 251 2135 Paris.
267 2087 299 2134 et
319 2071 453 2135 Franek.
469 2071 527 2148 air,
544 2092 606 2134 non
621 2070 753 2154 qnojac.
790 2070 906 2134 lunius
920 2069 991 2133 vult
1008 2069 1111 2156 legere
1128 2072 1201 2144 Qui-

152 2157 401 2238 air-componit,
425 2157 511 2243 quod
535 2155 663 2240 quidem
680 2156 747 2241 jam
769 2170 951 2241 reposuerat
973 2155 1143 2232 Quintinus
1167 2156 1201 2220 in

153 2242 228 2306 edit.
245 2266 302 2307 sua
321 2243 418 2330 hujus
439 2255 590 2307 tractatus
607 2264 690 2304 anno
713 2242 793 2324 1561
811 2241 896 2338 typis
915 2241 1073 2318 mandata,
1090 2244 1201 2306 Pame-

153 2328 196 2391 lio
216 2341 294 2392 teste
312 2327 344 2391 in
364 2328 456 2392 notis.
499 2327 559 2391 Ait
576 2349 651 2390 vero
670 2328 873 2390 Wouwertus
891 2327 1028 2390 codicem
1052 2329 1127 2391 MS.
1148 2327 1201 2391 ha-

152 2414 227 2477 bere
242 2416 356 2497 quouis,
373 2437 469 2499 seque
483 2411 714 2476 emendandum
731 2434 865 2489 censere,
880 2414 1047 2496 queuntes.
1088 2413 1201 2478 Edidit

153 2501 237 2561 uides
252 2498 316 2562 sine
330 2521 391 2583 qua
406 2498 576 2584 Rigaltius.
622 2497 707 2561 Mihi
721 2496 849 2594 quidem
864 2497 1001 2576 videtur,
1016 2521 1087 2561 cum
1103 2499 1201 2563 facilis

154 2583 194 2647 sit
214 2584 326 2646 harum
348 2608 458 2648 vocum
478 2585 559 2648 inter
579 2607 611 2647 se
631 2598 862 2661 mantuanam
883 2583 915 2647 in
933 2607 1001 2670 cap.
1019 2604 1046 2650 2.
1063 2583 1133 2648 libri
1148 2585 1202 2649 De

155 2669 342 2752 &caracalla
361 2671 446 2733 uides
462 2693 521 2756 pro
535 2671 582 2733 uir
594 2682 678 2733 recte
692 2669 863 2755 repositum
879 2685 936 2748 est,
952 2670 1120 2756 legendum
1136 2694 1201 2735 esse

153 2777 211 2840 qno
226 2755 321 2834 aldes,
333 2769 370 2819 ut
384 2770 583 2819 construatur
596 2755 761 2818 relativum
773 2777 831 2839 quo
845 2778 916 2819 cum
933 2779 1009 2820 voce
1024 2759 1199 2839 eaernplnrn.

153 2841 300 2940 Antiqua
313 2863 435 2919 manus,
451 2865 508 2906 nec
523 2841 613 2920 male,
624 2840 733 2927 judice
751 2841 878 2927 quidem
896 2842 1200 2931 Semlero,adsc1ip-
1315 2852 1317 2855 ’

154 2941 193 2992 stt
207 2949 243 2991 cu
256 2949 300 2991 aa.

198 2952 282 3077 Ibid.
305 3013 326 3078 l.
349 3032 401 3096 25.
425 3013 579 3078 Hosidius
601 3013 698 3097 Geta]
724 3013 822 3077 Liber
844 3014 1021 3100 Agobardi,
1049 3015 1200 3098 Vosidinr,

155 3100 273 3179 Ursini,
293 3101 415 3162 Ouidius
429 3147 456 3163 ..
473 3100 559 3210 apud
573 3099 708 3165 Dionem
723 3099 868 3163 scribitur
883 3107 989 3168 Γναῖος
1003 3104 1019 3164 ὁ
1035 3103 1133 3168 Elaios
1144 3101 1201 3165 Γέ-

154 3213 216 3264 τας,
231 3184 413 3271 legendum,
428 3193 478 3250 Γν.
504 3188 637 3253 Οσίδιος.
679 3187 796 3248 Fertur
809 3200 935 3249 senatus
949 3186 1126 3250 consultum
1142 3187 1201 3252 sub

155 3272 291 3335 Claudio
309 3274 390 3336 Caes.
405 3271 535 3349 factum,
552 3274 589 3336 C.
601 3272 645 3335 N.
663 3271 798 3334 Hosidio
813 3272 896 3335 Geta
911 3273 950 3334 L.
967 3271 1109 3358 Vagellio
1123 3296 1201 3338 coss.

154 3372 279 3422 erutum
299 3357 432 3444 Neapoli
447 3381 529 3421 anno
545 3358 620 3421 Chr.
637 3377 783 3420 umcnn.
799 3356 949 3420 adversus
963 3381 1016 3420 eos
1030 3358 1085 3444 qui
1105 3381 1202 3444 nego·

155 3444 252 3508 tiandi
266 3466 375 3508 caussa
389 3444 535 3507 emissent
548 3442 635 3529 quod
649 3442 828 3520 aedificium,
841 3457 878 3506 ut
893 3442 1047 3507 diruendo
1061 3444 1133 3530 plus
1147 3444 1203 3507 ad-

155 3530 325 3616 quirerent,
336 3552 436 3616 quum
451 3529 562 3616 quanti
575 3528 729 3593 emissent.
753 3531 903 3593 Riasnr.
936 3530 1062 3594 Ouidius
1076 3531 1137 3593 cita
1151 3530 1200 3594 ed.

154 3617 307 3702 princeps.
343 3617 464 3679 ondins
480 3617 562 3679 Geta
576 3615 626 3679 ed.
643 3614 742 3678 Paria.
760 3616 887 3678 Ouidius
903 3616 984 3680 Geta
998 3616 1048 3679 ed.
1062 3616 1198 3680 Franek.

155 3702 210 3765 ubi
224 3702 346 3766 monuit
356 3703 379 3764 J
382 3703 484 3778 unius,
498 3703 522 3765 si
537 3724 651 3764 nomon
667 3703 750 3766 Geta
764 3701 945 3781 retineatur,
955 3702 1124 3788 legendum
1135 3702 1202 3766 fore

155 3790 192 3852 C.
204 3789 331 3866 Didius,
350 3788 406 3874 qui
424 3787 531 3851 floruit
553 3802 692 3873 tempore
709 3786 845 3867 Claudii,
862 3788 1064 3874 nominatque
1086 3788 1117 3851 in
1140 3787 1199 3852 hac

154 3897 187 3936 re
202 3874 349 3939 Dionem.
388 3874 540 3961 Alioquin
560 3873 685 3961 legisset
702 3873 785 3938 idem
801 3874 821 3939 J
825 3873 918 3937 unius
933 3875 1059 3938 Ouidius
1071 3875 1118 3938 ita
1133 3875 1201 3937 Me-

154 3960 251 4022 deam.

200 4045 282 4108 Ibid.
305 4044 327 4108 l.
345 4047 394 4111 28.
419 4048 725 4111 Homero-centonas
746 4043 837 4110 etiam
859 4067 969 4109 vocare
989 4043 1103 4132 solent]
1120 4045 1202 4108 Sub·

156 4128 297 4193 stituerat
323 4129 490 4217 Rigaltius,
518 4134 822 4198 Homero-centones
844 4131 938 4194 etiam
964 4130 1066 4195 vocari
1090 4132 1198 4194 solent.

157 4213 269 4278 Minus
283 4230 366 4279 recte
379 4216 502 4303 opinor.

201 4302 239 4364 P.
257 4317 328 4385 151.
346 4300 366 4363 l.
381 4322 412 4382 4.
437 4303 499 4366 Sed
519 4302 683 4389 quaeritur,
701 4325 720 4366 a
739 4326 804 4389 quo
824 4301 1000 4367 intellectus
1020 4301 1202 4368 interverta-
