<?xml version="1.0" encoding="UTF-8"?>
<!DOCTYPE html PUBLIC "-//W3C//DTD XHTML 1.0 Transitional//EN"
    "http://www.w3.org/TR/xhtml1/DTD/xhtml1-transitional.dtd">
<html xmlns="http://www.w3.org/1999/xhtml" xml:lang="en" lang="en">
 <head>
  <title>
</title>
<meta http-equiv="Content-Type" content="text/html;charset=utf-8" />
  <meta name='ocr-system' content='tesseract 3.04.00' />
  <meta name='ocr-capabilities' content='ocr_page ocr_carea ocr_par ocr_line ocrx_word'/>
</head>
<body>
  <div class='ocr_page' id='page_1' title='image "./scriptorumeccle00unkngoog_0303.png"; bbox 0 0 2678 4830; ppageno 0'>
   <div class='ocr_carea' id='block_1_1' title="bbox 94 317 763 383">
    <p class='ocr_par' dir='ltr' id='par_1_1' title="bbox 94 317 763 383">
     <span class='ocr_line' id='line_1_1' title="bbox 94 317 763 383; baseline -0.001 0"><span class='ocrx_word' id='word_1_1' title='bbox 94 319 159 383; x_wconf 71' lang='lat'><strong>284</strong></span> <span class='ocrx_word' id='word_1_2' title='bbox 476 318 510 383; x_wconf 91' lang='lat' dir='ltr'><strong>S.</strong></span> <span class='ocrx_word' id='word_1_3' title='bbox 527 317 763 383; x_wconf 83' lang='lat' dir='ltr'>CYPRIANI</span> 
     </span>
    </p>
   </div>
   <div class='ocr_carea' id='block_1_2' title="bbox 13 485 1200 3733">
    <p class='ocr_par' dir='ltr' id='par_1_2' title="bbox 13 485 1200 3733">
     <span class='ocr_line' id='line_1_2' title="bbox 95 485 1166 588; baseline 0 -27"><span class='ocrx_word' id='word_1_4' title='bbox 95 488 217 562; x_wconf 85' lang='lat' dir='ltr'><strong>lrimus</strong></span> <span class='ocrx_word' id='word_1_5' title='bbox 234 486 471 587; x_wconf 87' lang='lat' dir='ltr'><strong>eleemosynis</strong></span> <span class='ocrx_word' id='word_1_6' title='bbox 489 491 690 564; x_wconf 82' lang='lat' dir='ltr'><strong>abluamus.</strong></span> <span class='ocrx_word' id='word_1_7' title='bbox 736 488 921 586; x_wconf 80' lang='lat' dir='ltr'><strong>Loquitur</strong></span> <span class='ocrx_word' id='word_1_8' title='bbox 939 487 983 562; x_wconf 89' lang='lat' dir='ltr'><strong>in</strong></span> <span class='ocrx_word' id='word_1_9' title='bbox 1002 485 1166 588; x_wconf 90' lang='lat' dir='ltr'><strong>seriptu-</strong></span> 
     </span>
     <span class='ocr_line' id='line_1_3' title="bbox 15 602 1165 703; baseline 0 -28"><span class='ocrx_word' id='word_1_10' title='bbox 15 634 38 665; x_wconf 71' lang='grc' dir='ltr'><strong>ν.</strong></span> <span class='ocrx_word' id='word_1_11' title='bbox 95 603 142 675; x_wconf 92' lang='lat' dir='ltr'><strong>ris</strong></span> <span class='ocrx_word' id='word_1_12' title='bbox 159 603 290 675; x_wconf 91' lang='lat' dir='ltr'><strong>divinis</strong></span> <span class='ocrx_word' id='word_1_13' title='bbox 309 602 463 703; x_wconf 78' lang='lat' dir='ltr'><strong>Spiritus</strong></span> <span class='ocrx_word' id='word_1_14' title='bbox 481 606 635 680; x_wconf 85' lang='lat' dir='ltr'><strong>Sanctus</strong></span> <span class='ocrx_word' id='word_1_15' title='bbox 652 617 689 678; x_wconf 88' lang='lat' dir='ltr'><strong>et</strong></span> <span class='ocrx_word' id='word_1_16' title='bbox 706 602 813 677; x_wconf 88' lang='lat' dir='ltr'><strong>dicit:</strong></span> <span class='ocrx_word' id='word_1_17' title='bbox 840 602 1113 703; x_wconf 60' lang='lat' dir='ltr'><strong>Elemerymls</strong></span> <span class='ocrx_word' id='word_1_18' title='bbox 1128 612 1165 676; x_wconf 82' lang='lat' dir='ltr'><strong>et</strong></span> 
     </span>
     <span class='ocr_line' id='line_1_4' title="bbox 16 700 1162 820; baseline 0 -28"><span class='ocrx_word' id='word_1_19' title='bbox 16 700 57 732; x_wconf 44' lang='grc' dir='ltr'><strong>ιγ’</strong></span> <span class='ocrx_word' id='word_1_20' title='bbox 82 717 167 819; x_wconf 80' lang='lat' dir='ltr'><strong>fide</strong></span> <span class='ocrx_word' id='word_1_21' title='bbox 184 719 318 793; x_wconf 81' lang='lat' dir='ltr'><strong>delicta</strong></span> <span class='ocrx_word' id='word_1_22' title='bbox 329 731 556 820; x_wconf 79' lang='lat' dir='ltr'><strong>purgentur.</strong></span> <span class='ocrx_word' id='word_1_23' title='bbox 585 721 673 794; x_wconf 94' lang='lat' dir='ltr'><strong>Non</strong></span> <span class='ocrx_word' id='word_1_24' title='bbox 691 720 818 818; x_wconf 90' lang='lat' dir='ltr'><strong>utique</strong></span> <span class='ocrx_word' id='word_1_25' title='bbox 836 719 899 795; x_wconf 90' lang='lat' dir='ltr'><strong>illa</strong></span> <span class='ocrx_word' id='word_1_26' title='bbox 914 719 1059 795; x_wconf 82' lang='lat' dir='ltr'><strong>delicta</strong></span> <span class='ocrx_word' id='word_1_27' title='bbox 1077 745 1162 818; x_wconf 86' lang='lat' dir='ltr'><strong>quae</strong></span> 
     </span>
     <span class='ocr_line' id='line_1_5' title="bbox 93 834 1160 935; baseline 0 -27"><span class='ocrx_word' id='word_1_28' title='bbox 93 836 235 909; x_wconf 88' lang='lat' dir='ltr'><strong>fuerant</strong></span> <span class='ocrx_word' id='word_1_29' title='bbox 258 849 340 909; x_wconf 91' lang='lat' dir='ltr'><strong>ante</strong></span> <span class='ocrx_word' id='word_1_30' title='bbox 362 849 554 911; x_wconf 89' lang='lat' dir='ltr'><strong>eontracta.</strong></span> <span class='ocrx_word' id='word_1_31' title='bbox 604 837 705 910; x_wconf 90' lang='lat' dir='ltr'><strong>Nam</strong></span> <span class='ocrx_word' id='word_1_32' title='bbox 729 836 791 909; x_wconf 88' lang='lat' dir='ltr'><strong>illa</strong></span> <span class='ocrx_word' id='word_1_33' title='bbox 808 834 945 910; x_wconf 82' lang='lat' dir='ltr'><strong>Christi</strong></span> <span class='ocrx_word' id='word_1_34' title='bbox 972 836 1160 935; x_wconf 84' lang='lat' dir='ltr'><strong>sanguine</strong></span> 
     </span>
     <span class='ocr_line' id='line_1_6' title="bbox 94 950 1181 1054; baseline 0 -28"><span class='ocrx_word' id='word_1_35' title='bbox 94 966 132 1026; x_wconf 90' lang='lat' dir='ltr'><strong>et</strong></span> <span class='ocrx_word' id='word_1_36' title='bbox 163 952 449 1027; x_wconf 88' lang='lat' dir='ltr'><strong>sanctificatione</strong></span> <span class='ocrx_word' id='word_1_37' title='bbox 483 967 697 1054; x_wconf 86' lang='lat' dir='ltr'><strong>purgantur.</strong></span> <span class='ocrx_word' id='word_1_38' title='bbox 757 952 853 1026; x_wconf 88' lang='lat' dir='ltr'><strong>Item</strong></span> <span class='ocrx_word' id='word_1_39' title='bbox 881 950 1005 1026; x_wconf 91' lang='lat' dir='ltr'><strong>denuo</strong></span> <span class='ocrx_word' id='word_1_40' title='bbox 1035 951 1156 1026; x_wconf 88' lang='lat' dir='ltr'><strong>dicit:</strong></span> <span class='ocrx_word' id='word_1_41' title='bbox 1164 978 1181 1040; x_wconf 80' lang='lat'>5</span> 
     </span>
     <span class='ocr_line' id='line_1_7' title="bbox 13 1068 1157 1170; baseline 0.002 -30"><span class='ocrx_word' id='word_1_42' title='bbox 13 1090 66 1140; x_wconf 89' lang='grc' dir='ltr'>ιιι.</span> <span class='ocrx_word' id='word_1_43' title='bbox 96 1070 203 1144; x_wconf 77' lang='lat' dir='ltr'><strong>Sicut</strong></span> <span class='ocrx_word' id='word_1_44' title='bbox 226 1095 322 1169; x_wconf 83' lang='lat' dir='ltr'><strong>equa</strong></span> <span class='ocrx_word' id='word_1_45' title='bbox 345 1070 531 1170; x_wconf 77' lang='lat' dir='ltr'><strong>extinguit</strong></span> <span class='ocrx_word' id='word_1_46' title='bbox 554 1072 686 1170; x_wconf 81' lang='lat' dir='ltr'><strong>ignem,</strong></span> <span class='ocrx_word' id='word_1_47' title='bbox 702 1069 756 1144; x_wconf 81' lang='lat' dir='ltr'><strong>sic</strong></span> <span class='ocrx_word' id='word_1_48' title='bbox 777 1068 1008 1167; x_wconf 71' lang='lat' dir='ltr'><strong>eleemosyna</strong></span> <span class='ocrx_word' id='word_1_49' title='bbox 1031 1069 1157 1142; x_wconf 73' lang='lat' dir='ltr'><strong>extin-</strong></span> 
     </span>
     <span class='ocr_line' id='line_1_8' title="bbox 90 1182 1156 1286; baseline -0.003 -28"><span class='ocrx_word' id='word_1_50' title='bbox 90 1186 176 1286; x_wconf 81' lang='lat' dir='ltr'><strong>guit</strong></span> <span class='ocrx_word' id='word_1_51' title='bbox 188 1194 391 1282; x_wconf 81' lang='lat' dir='ltr'><strong>peccatum.</strong></span> <span class='ocrx_word' id='word_1_52' title='bbox 445 1185 521 1259; x_wconf 91' lang='lat' dir='ltr'><strong>Hic</strong></span> <span class='ocrx_word' id='word_1_53' title='bbox 538 1211 682 1283; x_wconf 91' lang='lat' dir='ltr'><strong>quoque</strong></span> <span class='ocrx_word' id='word_1_54' title='bbox 699 1182 900 1257; x_wconf 85' lang='lat' dir='ltr'><strong>ostenditur</strong></span> <span class='ocrx_word' id='word_1_55' title='bbox 916 1194 954 1255; x_wconf 89' lang='lat' dir='ltr'><strong>et</strong></span> <span class='ocrx_word' id='word_1_56' title='bbox 969 1182 1156 1282; x_wconf 87' lang='lat' dir='ltr'><strong>probatur</strong></span> 
     </span>
     <span class='ocr_line' id='line_1_9' title="bbox 92 1297 1155 1401; baseline -0.002 -27"><span class='ocrx_word' id='word_1_57' title='bbox 92 1301 178 1399; x_wconf 90' lang='lat' dir='ltr'><strong>quia</strong></span> <span class='ocrx_word' id='word_1_58' title='bbox 199 1302 293 1376; x_wconf 90' lang='lat' dir='ltr'><strong>sicut</strong></span> <span class='ocrx_word' id='word_1_59' title='bbox 312 1302 453 1375; x_wconf 89' lang='lat' dir='ltr'><strong>lavaero</strong></span> <span class='ocrx_word' id='word_1_60' title='bbox 477 1329 579 1401; x_wconf 83' lang='lat' dir='ltr'><strong>aquoe</strong></span> <span class='ocrx_word' id='word_1_61' title='bbox 597 1301 759 1374; x_wconf 88' lang='lat' dir='ltr'><strong>salutaris</strong></span> <span class='ocrx_word' id='word_1_62' title='bbox 776 1299 951 1400; x_wconf 76' lang='lat' dir='ltr'><strong>gehennae</strong></span> <span class='ocrx_word' id='word_1_63' title='bbox 968 1297 1069 1398; x_wconf 86' lang='lat' dir='ltr'><strong>ignis</strong></span> <span class='ocrx_word' id='word_1_64' title='bbox 1089 1324 1155 1372; x_wconf 86' lang='lat' dir='ltr'><strong>ex-</strong></span> 
     </span>
     <span class='ocr_line' id='line_1_10' title="bbox 93 1414 1151 1519; baseline -0.004 -28"><span class='ocrx_word' id='word_1_65' title='bbox 93 1418 282 1518; x_wconf 85' lang='lat' dir='ltr'><strong>tinguitur,</strong></span> <span class='ocrx_word' id='word_1_66' title='bbox 310 1419 360 1492; x_wconf 89' lang='lat' dir='ltr'><strong>ita</strong></span> <span class='ocrx_word' id='word_1_67' title='bbox 390 1431 427 1492; x_wconf 93' lang='lat' dir='ltr'><strong>et</strong></span> <span class='ocrx_word' id='word_1_68' title='bbox 460 1417 700 1519; x_wconf 86' lang='lat' dir='ltr'><strong>eleemosynis</strong></span> <span class='ocrx_word' id='word_1_69' title='bbox 735 1429 844 1516; x_wconf 89' lang='lat' dir='ltr'><strong>atque</strong></span> <span class='ocrx_word' id='word_1_70' title='bbox 873 1414 1151 1515; x_wconf 83' lang='lat' dir='ltr'><strong>operationibus</strong></span> 
     </span>
     <span class='ocr_line' id='line_1_11' title="bbox 87 1532 1196 1635; baseline -0.005 -27"><span class='ocrx_word' id='word_1_71' title='bbox 87 1533 197 1631; x_wconf 90' lang='lat' dir='ltr'><strong>justis</strong></span> <span class='ocrx_word' id='word_1_72' title='bbox 215 1535 428 1610; x_wconf 84' lang='lat' dir='ltr'><strong>delictorum</strong></span> <span class='ocrx_word' id='word_1_73' title='bbox 448 1537 597 1609; x_wconf 85' lang='lat' dir='ltr'><strong>flamma</strong></span> <span class='ocrx_word' id='word_1_74' title='bbox 616 1535 764 1635; x_wconf 90' lang='lat' dir='ltr'><strong>sopitur.</strong></span> <span class='ocrx_word' id='word_1_75' title='bbox 803 1533 855 1607; x_wconf 88' lang='lat' dir='ltr'><strong>Et</strong></span> <span class='ocrx_word' id='word_1_76' title='bbox 870 1532 956 1630; x_wconf 88' lang='lat' dir='ltr'><strong>quia</strong></span> <span class='ocrx_word' id='word_1_77' title='bbox 973 1532 1092 1605; x_wconf 88' lang='lat' dir='ltr'><strong>semel</strong></span> <span class='ocrx_word' id='word_1_78' title='bbox 1111 1532 1151 1606; x_wconf 90' lang='lat' dir='ltr'><strong>in</strong></span> <span class='ocrx_word' id='word_1_79' title='bbox 1163 1564 1196 1604; x_wconf 81' lang='grc' dir='ltr'>ιο</span> 
     </span>
     <span class='ocr_line' id='line_1_12' title="bbox 93 1647 1151 1752; baseline -0.001 -29"><span class='ocrx_word' id='word_1_80' title='bbox 93 1651 276 1750; x_wconf 89' lang='lat' dir='ltr'><strong>baptismo</strong></span> <span class='ocrx_word' id='word_1_81' title='bbox 293 1651 442 1725; x_wconf 87' lang='lat' dir='ltr'><strong>remissa</strong></span> <span class='ocrx_word' id='word_1_82' title='bbox 460 1666 691 1752; x_wconf 89' lang='lat' dir='ltr'><strong>peecatorum</strong></span> <span class='ocrx_word' id='word_1_83' title='bbox 710 1649 827 1740; x_wconf 88' lang='lat' dir='ltr'><strong>datur,</strong></span> <span class='ocrx_word' id='word_1_84' title='bbox 841 1647 982 1723; x_wconf 87' lang='lat' dir='ltr'><strong>assidua</strong></span> <span class='ocrx_word' id='word_1_85' title='bbox 995 1659 1034 1722; x_wconf 90' lang='lat' dir='ltr'><strong>et</strong></span> <span class='ocrx_word' id='word_1_86' title='bbox 1044 1647 1151 1748; x_wconf 88' lang='lat' dir='ltr'><strong>jugis</strong></span> 
     </span>
     <span class='ocr_line' id='line_1_13' title="bbox 92 1763 1151 1867; baseline 0 -28"><span class='ocrx_word' id='word_1_87' title='bbox 92 1767 253 1866; x_wconf 88' lang='lat' dir='ltr'><strong>operatio</strong></span> <span class='ocrx_word' id='word_1_88' title='bbox 263 1767 435 1866; x_wconf 88' lang='lat' dir='ltr'><strong>baptismi</strong></span> <span class='ocrx_word' id='word_1_89' title='bbox 447 1768 558 1841; x_wconf 86' lang='lat' dir='ltr'><strong>instar</strong></span> <span class='ocrx_word' id='word_1_90' title='bbox 569 1767 709 1841; x_wconf 85' lang='lat' dir='ltr'><strong>imitata</strong></span> <span class='ocrx_word' id='word_1_91' title='bbox 721 1766 792 1840; x_wconf 90' lang='lat' dir='ltr'><strong>Dei</strong></span> <span class='ocrx_word' id='word_1_92' title='bbox 806 1763 904 1867; x_wconf 85' lang='lat' dir='ltr'><strong>(for.</strong></span> <span class='ocrx_word' id='word_1_93' title='bbox 915 1763 1057 1863; x_wconf 90' lang='lat' dir='ltr'><strong>Deum)</strong></span> <span class='ocrx_word' id='word_1_94' title='bbox 1069 1792 1151 1839; x_wconf 91' lang='lat' dir='ltr'><strong>rur-</strong></span> 
     </span>
     <span class='ocr_line' id='line_1_14' title="bbox 93 1880 1152 1982; baseline 0 -28"><span class='ocrx_word' id='word_1_95' title='bbox 93 1909 152 1955; x_wconf 86' lang='lat' dir='ltr'><strong>sus</strong></span> <span class='ocrx_word' id='word_1_96' title='bbox 171 1882 434 1982; x_wconf 83' lang='lat' dir='ltr'><strong>indulgentiam</strong></span> <span class='ocrx_word' id='word_1_97' title='bbox 452 1884 613 1981; x_wconf 84' lang='lat' dir='ltr'><strong>largitur.</strong></span> <span class='ocrx_word' id='word_1_98' title='bbox 650 1885 736 1958; x_wconf 93' lang='lat' dir='ltr'><strong>Hoe</strong></span> <span class='ocrx_word' id='word_1_99' title='bbox 753 1883 844 1957; x_wconf 87' lang='lat' dir='ltr'><strong>etin</strong></span> <span class='ocrx_word' id='word_1_100' title='bbox 862 1880 1050 1982; x_wconf 86' lang='lat' dir='ltr'><strong>evangelio</strong></span> <span class='ocrx_word' id='word_1_101' title='bbox 1067 1881 1152 1955; x_wconf 90' lang='lat' dir='ltr'><strong>Do-</strong></span> 
     </span>
     <span class='ocr_line' id='line_1_15' title="bbox 93 1997 1150 2098; baseline 0.001 -27"><span class='ocrx_word' id='word_1_102' title='bbox 93 1999 213 2073; x_wconf 92' lang='lat' dir='ltr'><strong>minus</strong></span> <span class='ocrx_word' id='word_1_103' title='bbox 230 1999 347 2074; x_wconf 89' lang='lat' dir='ltr'><strong>doeet.</strong></span> <span class='ocrx_word' id='word_1_104' title='bbox 385 2000 486 2074; x_wconf 90' lang='lat' dir='ltr'><strong>Nam</strong></span> <span class='ocrx_word' id='word_1_105' title='bbox 504 2027 589 2075; x_wconf 91' lang='lat' dir='ltr'><strong>eum</strong></span> <span class='ocrx_word' id='word_1_106' title='bbox 607 1999 864 2074; x_wconf 85' lang='lat' dir='ltr'><strong>denotarentur</strong></span> <span class='ocrx_word' id='word_1_107' title='bbox 880 1997 1050 2098; x_wconf 91' lang='lat' dir='ltr'><strong>discipuli</strong></span> <span class='ocrx_word' id='word_1_108' title='bbox 1068 1998 1150 2095; x_wconf 89' lang='lat' dir='ltr'><strong>ejus</strong></span> 
     </span>
     <span class='ocr_line' id='line_1_16' title="bbox 93 2113 1196 2217; baseline -0.001 -28"><span class='ocrx_word' id='word_1_109' title='bbox 93 2115 191 2213; x_wconf 87' lang='lat' dir='ltr'><strong>quod</strong></span> <span class='ocrx_word' id='word_1_110' title='bbox 208 2116 365 2207; x_wconf 88' lang='lat' dir='ltr'><strong>ederent,</strong></span> <span class='ocrx_word' id='word_1_111' title='bbox 383 2143 450 2191; x_wconf 91' lang='lat' dir='ltr'><strong>nec</strong></span> <span class='ocrx_word' id='word_1_112' title='bbox 467 2116 567 2217; x_wconf 91' lang='lat' dir='ltr'><strong>prius</strong></span> <span class='ocrx_word' id='word_1_113' title='bbox 587 2142 713 2190; x_wconf 86' lang='lat' dir='ltr'><strong>manus</strong></span> <span class='ocrx_word' id='word_1_114' title='bbox 732 2115 941 2204; x_wconf 86' lang='lat' dir='ltr'><strong>abluissent,</strong></span> <span class='ocrx_word' id='word_1_115' title='bbox 957 2113 1196 2213; x_wconf 80' lang='lat' dir='ltr'><strong>respondit15</strong></span> 
     </span>
     <span class='ocr_line' id='line_1_17' title="bbox 13 2228 1151 2334; baseline 0.006 -34"><span class='ocrx_word' id='word_1_116' title='bbox 13 2251 37 2300; x_wconf 81' lang='grc' dir='ltr'>ιι.</span> <span class='ocrx_word' id='word_1_117' title='bbox 92 2246 130 2307; x_wconf 91' lang='lat' dir='ltr'><strong>et</strong></span> <span class='ocrx_word' id='word_1_118' title='bbox 147 2233 258 2308; x_wconf 86' lang='lat' dir='ltr'><strong>dixit:</strong></span> <span class='ocrx_word' id='word_1_119' title='bbox 282 2231 468 2334; x_wconf 82' lang='lat' dir='ltr'><strong>Quiseeit</strong></span> <span class='ocrx_word' id='word_1_120' title='bbox 482 2235 578 2333; x_wconf 84' lang='lat' dir='ltr'><strong>quod</strong></span> <span class='ocrx_word' id='word_1_121' title='bbox 593 2234 693 2307; x_wconf 81' lang='lat' dir='ltr'><strong>intus</strong></span> <span class='ocrx_word' id='word_1_122' title='bbox 709 2228 870 2332; x_wconf 80' lang='lat' dir='ltr'><strong>estfeeit</strong></span> <span class='ocrx_word' id='word_1_123' title='bbox 886 2240 923 2304; x_wconf 82' lang='lat' dir='ltr'><strong>et</strong></span> <span class='ocrx_word' id='word_1_124' title='bbox 938 2228 1151 2332; x_wconf 78' lang='lat' dir='ltr'><strong>quodsorss</strong></span> 
     </span>
     <span class='ocr_line' id='line_1_18' title="bbox 92 2348 1150 2451; baseline 0 -27"><span class='ocrx_word' id='word_1_125' title='bbox 92 2361 156 2424; x_wconf 84' lang='lat' dir='ltr'><strong>est.</strong></span> <span class='ocrx_word' id='word_1_126' title='bbox 192 2351 332 2425; x_wconf 82' lang='lat' dir='ltr'><strong>Verum</strong></span> <span class='ocrx_word' id='word_1_127' title='bbox 350 2352 435 2425; x_wconf 83' lang='lat' dir='ltr'><strong>dete</strong></span> <span class='ocrx_word' id='word_1_128' title='bbox 453 2351 724 2451; x_wconf 78' lang='lat' dir='ltr'><strong>eleemosynam,</strong></span> <span class='ocrx_word' id='word_1_129' title='bbox 743 2358 780 2422; x_wconf 85' lang='lat' dir='ltr'><strong>et</strong></span> <span class='ocrx_word' id='word_1_130' title='bbox 797 2374 878 2423; x_wconf 87' lang='lat' dir='ltr'><strong>eece</strong></span> <span class='ocrx_word' id='word_1_131' title='bbox 892 2348 991 2423; x_wconf 77' lang='lat' dir='ltr'><strong>vobis</strong></span> <span class='ocrx_word' id='word_1_132' title='bbox 1007 2349 1150 2424; x_wconf 77' lang='lat' dir='ltr'><strong>manda</strong></span> 
     </span>
     <span class='ocr_line' id='line_1_19' title="bbox 92 2465 1150 2542; baseline 0 -1"><span class='ocrx_word' id='word_1_133' title='bbox 92 2468 224 2542; x_wconf 82' lang='lat' dir='ltr'><strong>omnia.</strong></span> <span class='ocrx_word' id='word_1_134' title='bbox 275 2468 421 2542; x_wconf 91' lang='lat' dir='ltr'><strong>Docens</strong></span> <span class='ocrx_word' id='word_1_135' title='bbox 439 2468 574 2542; x_wconf 89' lang='lat' dir='ltr'><strong>scilicet</strong></span> <span class='ocrx_word' id='word_1_136' title='bbox 592 2480 630 2540; x_wconf 90' lang='lat' dir='ltr'><strong>et</strong></span> <span class='ocrx_word' id='word_1_137' title='bbox 646 2465 837 2540; x_wconf 90' lang='lat' dir='ltr'><strong>ostendens</strong></span> <span class='ocrx_word' id='word_1_138' title='bbox 855 2492 929 2539; x_wconf 91' lang='lat' dir='ltr'><strong>non</strong></span> <span class='ocrx_word' id='word_1_139' title='bbox 948 2491 1077 2539; x_wconf 88' lang='lat' dir='ltr'><strong>manus</strong></span> <span class='ocrx_word' id='word_1_140' title='bbox 1096 2468 1150 2541; x_wconf 85' lang='lat' dir='ltr'><strong>la·</strong></span> 
     </span>
     <span class='ocr_line' id='line_1_20' title="bbox 92 2581 1148 2685; baseline -0.001 -28"><span class='ocrx_word' id='word_1_141' title='bbox 92 2584 227 2658; x_wconf 82' lang='lat' dir='ltr'><strong>vendas</strong></span> <span class='ocrx_word' id='word_1_142' title='bbox 245 2611 335 2672; x_wconf 91' lang='lat' dir='ltr'><strong>esse,</strong></span> <span class='ocrx_word' id='word_1_143' title='bbox 354 2585 415 2658; x_wconf 90' lang='lat' dir='ltr'><strong>sed</strong></span> <span class='ocrx_word' id='word_1_144' title='bbox 433 2597 572 2685; x_wconf 90' lang='lat' dir='ltr'><strong>pectus,</strong></span> <span class='ocrx_word' id='word_1_145' title='bbox 590 2596 626 2658; x_wconf 91' lang='lat' dir='ltr'><strong>et</strong></span> <span class='ocrx_word' id='word_1_146' title='bbox 644 2582 764 2658; x_wconf 89' lang='lat' dir='ltr'><strong>sordes</strong></span> <span class='ocrx_word' id='word_1_147' title='bbox 785 2583 1000 2656; x_wconf 88' lang='lat' dir='ltr'><strong>intrinsecus</strong></span> <span class='ocrx_word' id='word_1_148' title='bbox 1021 2581 1148 2682; x_wconf 90' lang='lat' dir='ltr'><strong>petius</strong></span> 
     </span>
     <span class='ocr_line' id='line_1_21' title="bbox 92 2698 1200 2798; baseline -0.003 -24"><span class='ocrx_word' id='word_1_149' title='bbox 92 2727 202 2798; x_wconf 90' lang='lat' dir='ltr'><strong>quam</strong></span> <span class='ocrx_word' id='word_1_150' title='bbox 222 2701 444 2774; x_wconf 88' lang='lat' dir='ltr'><strong>extrinsecus</strong></span> <span class='ocrx_word' id='word_1_151' title='bbox 462 2698 724 2786; x_wconf 89' lang='lat' dir='ltr'><strong>detrahendas;</strong></span> <span class='ocrx_word' id='word_1_152' title='bbox 743 2725 868 2773; x_wconf 89' lang='lat' dir='ltr'><strong>verum</strong></span> <span class='ocrx_word' id='word_1_153' title='bbox 887 2699 949 2798; x_wconf 93' lang='lat' dir='ltr'><strong>qui</strong></span> <span class='ocrx_word' id='word_1_154' title='bbox 966 2725 1200 2798; x_wconf 78' lang='lat' dir='ltr'><strong>purgare-20</strong></span> 
     </span>
     <span class='ocr_line' id='line_1_22' title="bbox 92 2813 1149 2915; baseline 0.001 -25"><span class='ocrx_word' id='word_1_155' title='bbox 92 2817 140 2890; x_wconf 93' lang='lat' dir='ltr'><strong>rit</strong></span> <span class='ocrx_word' id='word_1_156' title='bbox 156 2816 255 2915; x_wconf 92' lang='lat' dir='ltr'><strong>quod</strong></span> <span class='ocrx_word' id='word_1_157' title='bbox 272 2830 327 2890; x_wconf 92' lang='lat' dir='ltr'><strong>est</strong></span> <span class='ocrx_word' id='word_1_158' title='bbox 344 2817 451 2907; x_wconf 90' lang='lat' dir='ltr'><strong>intus,</strong></span> <span class='ocrx_word' id='word_1_159' title='bbox 469 2844 554 2891; x_wconf 90' lang='lat' dir='ltr'><strong>eum</strong></span> <span class='ocrx_word' id='word_1_160' title='bbox 574 2843 720 2914; x_wconf 91' lang='lat' dir='ltr'><strong>quoque</strong></span> <span class='ocrx_word' id='word_1_161' title='bbox 738 2815 774 2889; x_wconf 93' lang='lat' dir='ltr'><strong>id</strong></span> <span class='ocrx_word' id='word_1_162' title='bbox 793 2815 891 2914; x_wconf 90' lang='lat' dir='ltr'><strong>quod</strong></span> <span class='ocrx_word' id='word_1_163' title='bbox 908 2813 994 2888; x_wconf 85' lang='lat' dir='ltr'><strong>foris</strong></span> <span class='ocrx_word' id='word_1_164' title='bbox 1012 2827 1068 2888; x_wconf 91' lang='lat' dir='ltr'><strong>est</strong></span> <span class='ocrx_word' id='word_1_165' title='bbox 1090 2843 1149 2891; x_wconf 90' lang='lat' dir='ltr'><strong>re-</strong></span> 
     </span>
     <span class='ocr_line' id='line_1_23' title="bbox 92 2932 1149 3033; baseline 0 -27"><span class='ocrx_word' id='word_1_166' title='bbox 92 2959 276 3033; x_wconf 85' lang='lat' dir='ltr'><strong>purgasse,</strong></span> <span class='ocrx_word' id='word_1_167' title='bbox 296 2944 333 3005; x_wconf 91' lang='lat' dir='ltr'><strong>et</strong></span> <span class='ocrx_word' id='word_1_168' title='bbox 353 2932 549 3006; x_wconf 86' lang='lat' dir='ltr'><strong>emundata</strong></span> <span class='ocrx_word' id='word_1_169' title='bbox 573 2946 706 3023; x_wconf 88' lang='lat' dir='ltr'><strong>mente,</strong></span> <span class='ocrx_word' id='word_1_170' title='bbox 730 2945 813 3007; x_wconf 86' lang='lat' dir='ltr'><strong>cute</strong></span> <span class='ocrx_word' id='word_1_171' title='bbox 836 2958 983 3030; x_wconf 91' lang='lat' dir='ltr'><strong>queque</strong></span> <span class='ocrx_word' id='word_1_172' title='bbox 1005 2943 1043 3004; x_wconf 91' lang='lat' dir='ltr'><strong>et</strong></span> <span class='ocrx_word' id='word_1_173' title='bbox 1066 2958 1149 3006; x_wconf 91' lang='lat' dir='ltr'><strong>eor-</strong></span> 
     </span>
     <span class='ocr_line' id='line_1_24' title="bbox 92 3048 1148 3150; baseline 0.001 -28"><span class='ocrx_word' id='word_1_174' title='bbox 92 3075 180 3150; x_wconf 90' lang='lat' dir='ltr'><strong>pore</strong></span> <span class='ocrx_word' id='word_1_175' title='bbox 205 3048 383 3122; x_wconf 92' lang='lat' dir='ltr'><strong>mundum</strong></span> <span class='ocrx_word' id='word_1_176' title='bbox 402 3075 479 3121; x_wconf 90' lang='lat' dir='ltr'><strong>esse</strong></span> <span class='ocrx_word' id='word_1_177' title='bbox 497 3048 658 3147; x_wconf 89' lang='lat' dir='ltr'><strong>coepisse.</strong></span> <span class='ocrx_word' id='word_1_178' title='bbox 710 3049 819 3121; x_wconf 90' lang='lat' dir='ltr'><strong>Porro</strong></span> <span class='ocrx_word' id='word_1_179' title='bbox 845 3060 966 3146; x_wconf 91' lang='lat' dir='ltr'><strong>autem</strong></span> <span class='ocrx_word' id='word_1_180' title='bbox 991 3074 1148 3124; x_wconf 89' lang='lat' dir='ltr'><strong>monens</strong></span> 
     </span>
     <span class='ocr_line' id='line_1_25' title="bbox 93 3163 1148 3266; baseline -0.002 -25"><span class='ocrx_word' id='word_1_181' title='bbox 93 3178 131 3241; x_wconf 90' lang='lat' dir='ltr'><strong>et</strong></span> <span class='ocrx_word' id='word_1_182' title='bbox 147 3165 339 3240; x_wconf 89' lang='lat' dir='ltr'><strong>ostendens</strong></span> <span class='ocrx_word' id='word_1_183' title='bbox 361 3164 457 3239; x_wconf 90' lang='lat' dir='ltr'><strong>unde</strong></span> <span class='ocrx_word' id='word_1_184' title='bbox 480 3163 607 3239; x_wconf 92' lang='lat' dir='ltr'><strong>mundi</strong></span> <span class='ocrx_word' id='word_1_185' title='bbox 631 3177 668 3238; x_wconf 90' lang='lat' dir='ltr'><strong>et</strong></span> <span class='ocrx_word' id='word_1_186' title='bbox 688 3165 832 3264; x_wconf 84' lang='lat' dir='ltr'><strong>purgati</strong></span> <span class='ocrx_word' id='word_1_187' title='bbox 853 3191 931 3238; x_wconf 91' lang='lat' dir='ltr'><strong>esse</strong></span> <span class='ocrx_word' id='word_1_188' title='bbox 950 3164 1148 3266; x_wconf 90' lang='lat' dir='ltr'><strong>possimus,</strong></span> 
     </span>
     <span class='ocr_line' id='line_1_26' title="bbox 93 3280 1195 3384; baseline -0.002 -28"><span class='ocrx_word' id='word_1_189' title='bbox 93 3282 232 3356; x_wconf 88' lang='lat' dir='ltr'><strong>addidit</strong></span> <span class='ocrx_word' id='word_1_190' title='bbox 253 3285 498 3384; x_wconf 90' lang='lat' dir='ltr'><strong>eleemosynas</strong></span> <span class='ocrx_word' id='word_1_191' title='bbox 517 3309 594 3357; x_wconf 90' lang='lat' dir='ltr'><strong>esse</strong></span> <span class='ocrx_word' id='word_1_192' title='bbox 611 3280 803 3356; x_wconf 83' lang='lat' dir='ltr'><strong>faciendas.</strong></span> <span class='ocrx_word' id='word_1_193' title='bbox 855 3281 1062 3355; x_wconf 91' lang='lat' dir='ltr'><strong>Misericors</strong></span> <span class='ocrx_word' id='word_1_194' title='bbox 1081 3281 1195 3371; x_wconf 71' lang='lat' dir='ltr'><strong>des-25</strong></span> 
     </span>
     <span class='ocr_line' id='line_1_27' title="bbox 93 3398 1146 3498; baseline 0.002 -27"><span class='ocrx_word' id='word_1_195' title='bbox 93 3411 152 3472; x_wconf 89' lang='lat' dir='ltr'><strong>eet</strong></span> <span class='ocrx_word' id='word_1_196' title='bbox 177 3412 214 3473; x_wconf 90' lang='lat' dir='ltr'><strong>et</strong></span> <span class='ocrx_word' id='word_1_197' title='bbox 239 3413 364 3474; x_wconf 90' lang='lat' dir='ltr'><strong>monet</strong></span> <span class='ocrx_word' id='word_1_198' title='bbox 390 3399 670 3473; x_wconf 85' lang='lat' dir='ltr'><strong>misericordiam</strong></span> <span class='ocrx_word' id='word_1_199' title='bbox 698 3399 797 3485; x_wconf 92' lang='lat' dir='ltr'><strong>fieri;</strong></span> <span class='ocrx_word' id='word_1_200' title='bbox 829 3410 866 3471; x_wconf 91' lang='lat' dir='ltr'><strong>et</strong></span> <span class='ocrx_word' id='word_1_201' title='bbox 892 3398 978 3498; x_wconf 87' lang='lat' dir='ltr'><strong>quia</strong></span> <span class='ocrx_word' id='word_1_202' title='bbox 1004 3424 1146 3473; x_wconf 88' lang='lat' dir='ltr'><strong>servare</strong></span> 
     </span>
     <span class='ocr_line' id='line_1_28' title="bbox 93 3513 1144 3616; baseline 0.003 -30"><span class='ocrx_word' id='word_1_203' title='bbox 93 3515 222 3612; x_wconf 87' lang='lat' dir='ltr'><strong>quaerit</strong></span> <span class='ocrx_word' id='word_1_204' title='bbox 245 3542 336 3613; x_wconf 91' lang='lat' dir='ltr'><strong>quos</strong></span> <span class='ocrx_word' id='word_1_205' title='bbox 367 3542 500 3614; x_wconf 85' lang='lat' dir='ltr'><strong>magno</strong></span> <span class='ocrx_word' id='word_1_206' title='bbox 526 3516 641 3614; x_wconf 92' lang='lat' dir='ltr'><strong>pretio</strong></span> <span class='ocrx_word' id='word_1_207' title='bbox 670 3515 834 3605; x_wconf 88' lang='lat' dir='ltr'><strong>redemit,</strong></span> <span class='ocrx_word' id='word_1_208' title='bbox 859 3528 943 3616; x_wconf 90' lang='lat' dir='ltr'><strong>post</strong></span> <span class='ocrx_word' id='word_1_209' title='bbox 969 3513 1144 3616; x_wconf 90' lang='lat' dir='ltr'><strong>baptismi</strong></span> 
     </span>
     <span class='ocr_line' id='line_1_29' title="bbox 93 3629 1145 3733; baseline 0.004 -32"><span class='ocrx_word' id='word_1_210' title='bbox 93 3629 247 3729; x_wconf 87' lang='lat' dir='ltr'><strong>gratiam</strong></span> <span class='ocrx_word' id='word_1_211' title='bbox 269 3630 467 3704; x_wconf 90' lang='lat' dir='ltr'><strong>sordidatos</strong></span> <span class='ocrx_word' id='word_1_212' title='bbox 485 3630 593 3704; x_wconf 84' lang='lat' dir='ltr'><strong>docet</strong></span> <span class='ocrx_word' id='word_1_213' title='bbox 609 3630 728 3706; x_wconf 92' lang='lat' dir='ltr'><strong>denuo</strong></span> <span class='ocrx_word' id='word_1_214' title='bbox 746 3661 851 3733; x_wconf 89' lang='lat' dir='ltr'><strong>posse</strong></span> <span class='ocrx_word' id='word_1_215' title='bbox 869 3632 1024 3732; x_wconf 86' lang='lat' dir='ltr'><strong>purgari.</strong></span> <span class='ocrx_word' id='word_1_216' title='bbox 1067 3631 1145 3731; x_wconf 87' lang='lat' dir='ltr'><strong>Ag·</strong></span> 
     </span>
    </p>
   </div>
   <div class='ocr_carea' id='block_1_3' title="bbox 90 3747 1195 4087">
    <p class='ocr_par' dir='ltr' id='par_1_3' title="bbox 90 3747 1195 4087">
     <span class='ocr_line' id='line_1_30' title="bbox 93 3747 1146 3850; baseline 0.002 -31"><span class='ocrx_word' id='word_1_217' title='bbox 93 3771 286 3819; x_wconf 87' lang='lat' dir='ltr'><strong>noscamus</strong></span> <span class='ocrx_word' id='word_1_218' title='bbox 304 3747 436 3844; x_wconf 88' lang='lat' dir='ltr'><strong>itaque,</strong></span> <span class='ocrx_word' id='word_1_219' title='bbox 452 3748 577 3821; x_wconf 87' lang='lat' dir='ltr'><strong>fratres</strong></span> <span class='ocrx_word' id='word_1_220' title='bbox 595 3747 781 3840; x_wconf 87' lang='lat' dir='ltr'><strong>carissimi,</strong></span> <span class='ocrx_word' id='word_1_221' title='bbox 798 3749 930 3823; x_wconf 88' lang='lat' dir='ltr'><strong>divinae</strong></span> <span class='ocrx_word' id='word_1_222' title='bbox 953 3748 1146 3850; x_wconf 87' lang='lat' dir='ltr'><strong>indulgen-</strong></span> 
     </span>
     <span class='ocr_line' id='line_1_31' title="bbox 93 3862 1195 3964; baseline -0.003 -27"><span class='ocrx_word' id='word_1_223' title='bbox 93 3862 155 3937; x_wconf 85' lang='lat' dir='ltr'><strong>tiae</strong></span> <span class='ocrx_word' id='word_1_224' title='bbox 180 3888 314 3936; x_wconf 91' lang='lat' dir='ltr'><strong>munus</strong></span> <span class='ocrx_word' id='word_1_225' title='bbox 342 3862 502 3948; x_wconf 84' lang='lat' dir='ltr'><strong>salubre3</strong></span> <span class='ocrx_word' id='word_1_226' title='bbox 534 3875 571 3936; x_wconf 93' lang='lat' dir='ltr'><strong>et</strong></span> <span class='ocrx_word' id='word_1_227' title='bbox 604 3865 845 3939; x_wconf 90' lang='lat' dir='ltr'><strong>emundandis</strong></span> <span class='ocrx_word' id='word_1_228' title='bbox 875 3863 1144 3964; x_wconf 83' lang='lat' dir='ltr'><strong>purgandisque</strong></span> <span class='ocrx_word' id='word_1_229' title='bbox 1152 3893 1195 3952; x_wconf 82' lang='lat'><strong>30</strong></span> 
     </span>
     <span class='ocr_line' id='line_1_32' title="bbox 90 3980 1145 4087; baseline -0.001 -32"><span class='ocrx_word' id='word_1_230' title='bbox 90 3980 252 4080; x_wconf 89' lang='lat' dir='ltr'><strong>peccatis</strong></span> <span class='ocrx_word' id='word_1_231' title='bbox 274 3981 416 4072; x_wconf 88' lang='lat' dir='ltr'><strong>nostris,</strong></span> <span class='ocrx_word' id='word_1_232' title='bbox 433 3981 496 4079; x_wconf 90' lang='lat' dir='ltr'><strong>qui</strong></span> <span class='ocrx_word' id='word_1_233' title='bbox 518 3982 595 4087; x_wconf 83' lang='lat' dir='ltr'><strong>sine</strong></span> <span class='ocrx_word' id='word_1_234' title='bbox 613 3983 734 4082; x_wconf 91' lang='lat' dir='ltr'><strong>alique</strong></span> <span class='ocrx_word' id='word_1_235' title='bbox 751 3980 980 4056; x_wconf 74' lang='lat' dir='ltr'><strong>eonscientiae</strong></span> <span class='ocrx_word' id='word_1_236' title='bbox 996 3980 1145 4055; x_wconf 90' lang='lat' dir='ltr'><strong>vulnere</strong></span> 
     </span>
    </p>
   </div>
   <div class='ocr_carea' id='block_1_4' title="bbox 94 4099 1145 4289">
    <p class='ocr_par' dir='ltr' id='par_1_4' title="bbox 94 4099 1145 4289">
     <span class='ocr_line' id='line_1_33' title="bbox 94 4099 1145 4201; baseline 0.001 -31"><span class='ocrx_word' id='word_1_237' title='bbox 94 4124 263 4172; x_wconf 90' lang='lat' dir='ltr'><strong>essenon</strong></span> <span class='ocrx_word' id='word_1_238' title='bbox 280 4125 485 4198; x_wconf 88' lang='lat' dir='ltr'><strong>possumus,</strong></span> <span class='ocrx_word' id='word_1_239' title='bbox 496 4099 647 4174; x_wconf 89' lang='lat' dir='ltr'><strong>medelis</strong></span> <span class='ocrx_word' id='word_1_240' title='bbox 664 4099 884 4201; x_wconf 82' lang='lat' dir='ltr'><strong>spiritalibus</strong></span> <span class='ocrx_word' id='word_1_241' title='bbox 896 4099 1045 4172; x_wconf 87' lang='lat' dir='ltr'><strong>vulnera</strong></span> <span class='ocrx_word' id='word_1_242' title='bbox 1061 4123 1145 4171; x_wconf 88' lang='lat' dir='ltr'><strong>nos·</strong></span> 
     </span>
     <span class='ocr_line' id='line_1_34' title="bbox 94 4223 343 4289; baseline 0.016 -6"><span class='ocrx_word' id='word_1_243' title='bbox 94 4223 149 4285; x_wconf 90' lang='lat' dir='ltr'><strong>tra</strong></span> <span class='ocrx_word' id='word_1_244' title='bbox 166 4239 343 4289; x_wconf 86' lang='lat' dir='ltr'><strong>curemus.</strong></span> 
     </span>
    </p>
   </div>
   <div class='ocr_carea' id='block_1_5' title="bbox 0 0 1345 4830">
    <p class='ocr_par' dir='ltr' id='par_1_5' title="bbox 0 0 1345 4830">
     <span class='ocr_line' id='line_1_35' title="bbox 0 0 1345 4830; baseline 0 0"><span class='ocrx_word' id='word_1_245' title='bbox 0 0 1345 4830; x_wconf 95' lang='lat' dir='ltr'><strong> </strong></span> 
     </span>
    </p>
   </div>
  </div>
 </body>
</html>
